<marc:record><marc:leader>21112cx  b2204597   4500</marc:leader><marc:controlfield tag="001">FRBNF138904633</marc:controlfield><marc:controlfield tag="003">http://catalogue.bnf.fr/ark:/12148/cb13890463t</marc:controlfield><marc:controlfield tag="005">20040213</marc:controlfield><marc:datafield tag="010" ind1=" " ind2=" "><marc:subfield code="a">0000000123648983</marc:subfield><marc:subfield code="2">ISNI</marc:subfield><marc:subfield code="d">20131217</marc:subfield></marc:datafield><marc:datafield tag="039" ind1=" " ind2=" "><marc:subfield code="o">OPP</marc:subfield><marc:subfield code="a">14290460</marc:subfield><marc:subfield code="d">20170731</marc:subfield></marc:datafield><marc:datafield tag="100" ind1=" " ind2=" "><marc:subfield code="a">19890601afrey50      ba0</marc:subfield></marc:datafield><marc:datafield tag="102" ind1=" " ind2=" "><marc:subfield code="a">GB</marc:subfield></marc:datafield><marc:datafield tag="105" ind1=" " ind2=" "><marc:subfield code="c">e</marc:subfield><marc:subfield code="d">g</marc:subfield><marc:subfield code="c">s</marc:subfield><marc:subfield code="a">a</marc:subfield></marc:datafield><marc:datafield tag="106" ind1=" " ind2=" "><marc:subfield code="a">1</marc:subfield></marc:datafield><marc:datafield tag="150" ind1=" " ind2=" "><marc:subfield code="a">y</marc:subfield></marc:datafield><marc:datafield tag="152" ind1=" " ind2=" "><marc:subfield code="c">2</marc:subfield></marc:datafield><marc:datafield tag="210" ind1=" " ind2=" "><marc:subfield code="7">ba0yba0y</marc:subfield><marc:subfield code="8">fre   </marc:subfield><marc:subfield code="9"> 0 </marc:subfield><marc:subfield code="a">WEA Europe</marc:subfield></marc:datafield><marc:datafield tag="303" ind1=" " ind2=" "><marc:subfield code="a">83, Baker street, W1M 1AJ London</marc:subfield></marc:datafield><marc:datafield tag="410" ind1=" " ind2=" "><marc:subfield code="7">ba0yba0y</marc:subfield><marc:subfield code="8">fre   </marc:subfield><marc:subfield code="9"> 1 </marc:subfield><marc:subfield code="a">WEA international</marc:subfield></marc:datafield><marc:datafield tag="410" ind1=" " ind2=" "><marc:subfield code="7">ba0yba0y</marc:subfield><marc:subfield code="8">fre   </marc:subfield><marc:subfield code="9"> 1 </marc:subfield><marc:subfield code="a">Warner music international</marc:subfield></marc:datafield><marc:datafield tag="410" ind1=" " ind2=" "><marc:subfield code="7">ba0yba0y</marc:subfield><marc:subfield code="8">fre   </marc:subfield><marc:subfield code="9"> 1 </marc:subfield><marc:subfield code="a">WEA music international</marc:subfield></marc:datafield><marc:datafield tag="510" ind1=" " ind2=" "><marc:subfield code="5">a</marc:subfield><marc:subfield code="0">Antérieurement, voir</marc:subfield><marc:subfield code="3">13946987</marc:subfield><marc:subfield code="7">ba0yba0y</marc:subfield><marc:subfield code="8">fre   </marc:subfield><marc:subfield code="9">20 </marc:subfield><marc:subfield code="a">Erato Disques</marc:subfield></marc:datafield><marc:datafield tag="510" ind1=" " ind2=" "><marc:subfield code="5">z</marc:subfield><marc:subfield code="0">Voir aussi</marc:subfield><marc:subfield code="3">13890227</marc:subfield><marc:subfield code="a">Teldec Schallplatten GmbH</marc:subfield></marc:datafield><marc:datafield tag="516" ind1=" " ind2=" "><marc:subfield code="5">z</marc:subfield><marc:subfield code="0">A édité : </marc:subfield><marc:subfield code="3">13876334</marc:subfield><marc:subfield code="7">ba0yba0y</marc:subfield><marc:subfield code="8">fre   </marc:subfield><marc:subfield code="a">MCA</marc:subfield></marc:datafield><marc:datafield tag="516" ind1=" " ind2=" "><marc:subfield code="5">z</marc:subfield><marc:subfield code="0">A édité : </marc:subfield><marc:subfield code="3">13878144</marc:subfield><marc:subfield code="7">ba0yba0y</marc:subfield><marc:subfield code="8">fre   </marc:subfield><marc:subfield code="a">Curb</marc:subfield></marc:datafield><marc:datafield tag="516" ind1=" " ind2=" "><marc:subfield code="5">z</marc:subfield><marc:subfield code="0">A édité : </marc:subfield><marc:subfield code="3">13875701</marc:subfield><marc:subfield code="7">ba0yba0y</marc:subfield><marc:subfield code="8">fre   </marc:subfield><marc:subfield code="a">Hansa</marc:subfield></marc:datafield><marc:datafield tag="516" ind1=" " ind2=" "><marc:subfield code="5">z</marc:subfield><marc:subfield code="0">A édité : </marc:subfield><marc:subfield code="3">13850415</marc:subfield><marc:subfield code="7">ba0yba0y</marc:subfield><marc:subfield code="8">fre   </marc:subfield><marc:subfield code="a">Bronze</marc:subfield></marc:datafield><marc:datafield tag="516" ind1=" " ind2=" "><marc:subfield code="5">z</marc:subfield><marc:subfield code="0">Édite : </marc:subfield><marc:subfield code="3">16071566</marc:subfield><marc:subfield code="7">ba0yba0y</marc:subfield><marc:subfield code="8">fre   </marc:subfield><marc:subfield code="a">Rhino-Word beat</marc:subfield></marc:datafield><marc:datafield tag="516" ind1=" " ind2=" "><marc:subfield code="5">z</marc:subfield><marc:subfield code="0">A édité : </marc:subfield><marc:subfield code="3">13875579</marc:subfield><marc:subfield code="7">ba0yba0y</marc:subfield><marc:subfield code="8">fre   </marc:subfield><marc:subfield code="a">Geffen</marc:subfield></marc:datafield><marc:datafield tag="516" ind1=" " ind2=" "><marc:subfield code="5">z</marc:subfield><marc:subfield code="0">Édite : </marc:subfield><marc:subfield code="3">13925647</marc:subfield><marc:subfield code="a">Atlantic-Titanium</marc:subfield></marc:datafield><marc:datafield tag="516" ind1=" " ind2=" "><marc:subfield code="5">z</marc:subfield><marc:subfield code="0">Édite : </marc:subfield><marc:subfield code="3">13950242</marc:subfield><marc:subfield code="a">Elektra-Chameleon</marc:subfield></marc:datafield><marc:datafield tag="516" ind1=" " ind2=" "><marc:subfield code="5">z</marc:subfield><marc:subfield code="0">Édite : </marc:subfield><marc:subfield code="3">13951279</marc:subfield><marc:subfield code="a">Atlantic-Interscope</marc:subfield></marc:datafield><marc:datafield tag="516" ind1=" " ind2=" "><marc:subfield code="5">z</marc:subfield><marc:subfield code="0">Édite : </marc:subfield><marc:subfield code="3">13952215</marc:subfield><marc:subfield code="a">Atco-Savage</marc:subfield></marc:datafield><marc:datafield tag="516" ind1=" " ind2=" "><marc:subfield code="5">z</marc:subfield><marc:subfield code="0">Édite : </marc:subfield><marc:subfield code="3">13929764</marc:subfield><marc:subfield code="a">Elektra-FFF</marc:subfield></marc:datafield><marc:datafield tag="516" ind1=" " ind2=" "><marc:subfield code="5">z</marc:subfield><marc:subfield code="0">Édite : </marc:subfield><marc:subfield code="3">13878146</marc:subfield><marc:subfield code="a">Warner Bros-Full Moon</marc:subfield></marc:datafield><marc:datafield tag="516" ind1=" " ind2=" "><marc:subfield code="5">z</marc:subfield><marc:subfield code="0">Édite : </marc:subfield><marc:subfield code="3">13927021</marc:subfield><marc:subfield code="a">Wea-pm</marc:subfield></marc:datafield><marc:datafield tag="516" ind1=" " ind2=" "><marc:subfield code="5">z</marc:subfield><marc:subfield code="0">Édite : </marc:subfield><marc:subfield code="3">13927022</marc:subfield><marc:subfield code="a">WEA-Pra</marc:subfield></marc:datafield><marc:datafield tag="516" ind1=" " ind2=" "><marc:subfield code="5">z</marc:subfield><marc:subfield code="0">Édite : </marc:subfield><marc:subfield code="3">13873780</marc:subfield><marc:subfield code="a">Atlantic-Megaforce Worldwide</marc:subfield></marc:datafield><marc:datafield tag="516" ind1=" " ind2=" "><marc:subfield code="5">z</marc:subfield><marc:subfield code="0">Édite : </marc:subfield><marc:subfield code="3">13933795</marc:subfield><marc:subfield code="a">Warner Bros-Lone Wolf</marc:subfield></marc:datafield><marc:datafield tag="516" ind1=" " ind2=" "><marc:subfield code="5">z</marc:subfield><marc:subfield code="0">Édite : </marc:subfield><marc:subfield code="3">13878143</marc:subfield><marc:subfield code="a">Warner Bros-Cold Chillin&apos;</marc:subfield></marc:datafield><marc:datafield tag="516" ind1=" " ind2=" "><marc:subfield code="5">z</marc:subfield><marc:subfield code="0">Édite : </marc:subfield><marc:subfield code="3">13947290</marc:subfield><marc:subfield code="a">Warner Bros-Sire-Blue Horizon Héritage</marc:subfield></marc:datafield><marc:datafield tag="516" ind1=" " ind2=" "><marc:subfield code="5">z</marc:subfield><marc:subfield code="0">Édite : </marc:subfield><marc:subfield code="3">13876386</marc:subfield><marc:subfield code="a">Merciful Release</marc:subfield></marc:datafield><marc:datafield tag="516" ind1=" " ind2=" "><marc:subfield code="5">z</marc:subfield><marc:subfield code="0">Édite : </marc:subfield><marc:subfield code="3">13953049</marc:subfield><marc:subfield code="7">ba0yba0y</marc:subfield><marc:subfield code="8">fre   </marc:subfield><marc:subfield code="a">Solid</marc:subfield></marc:datafield><marc:datafield tag="516" ind1=" " ind2=" "><marc:subfield code="5">z</marc:subfield><marc:subfield code="0">Édite : </marc:subfield><marc:subfield code="3">13934753</marc:subfield><marc:subfield code="a">WEA-Australian</marc:subfield></marc:datafield><marc:datafield tag="516" ind1=" " ind2=" "><marc:subfield code="5">z</marc:subfield><marc:subfield code="0">Édite : </marc:subfield><marc:subfield code="3">13875349</marc:subfield><marc:subfield code="a">Eternal</marc:subfield></marc:datafield><marc:datafield tag="516" ind1=" " ind2=" "><marc:subfield code="5">z</marc:subfield><marc:subfield code="0">Édite : </marc:subfield><marc:subfield code="3">13877485</marc:subfield><marc:subfield code="a">Some Bizarre</marc:subfield></marc:datafield><marc:datafield tag="516" ind1=" " ind2=" "><marc:subfield code="5">z</marc:subfield><marc:subfield code="0">Édite : </marc:subfield><marc:subfield code="3">13955846</marc:subfield><marc:subfield code="a">Warner Bros-Sire-I Square</marc:subfield></marc:datafield><marc:datafield tag="516" ind1=" " ind2=" "><marc:subfield code="5">z</marc:subfield><marc:subfield code="0">Édite : </marc:subfield><marc:subfield code="3">13956044</marc:subfield><marc:subfield code="a">Atco-Emerald City</marc:subfield></marc:datafield><marc:datafield tag="516" ind1=" " ind2=" "><marc:subfield code="5">z</marc:subfield><marc:subfield code="0">Édite : </marc:subfield><marc:subfield code="3">13956125</marc:subfield><marc:subfield code="a">Atlantic-Trevel</marc:subfield></marc:datafield><marc:datafield tag="516" ind1=" " ind2=" "><marc:subfield code="5">z</marc:subfield><marc:subfield code="0">Édite : </marc:subfield><marc:subfield code="3">13956127</marc:subfield><marc:subfield code="a">Gasa</marc:subfield></marc:datafield><marc:datafield tag="516" ind1=" " ind2=" "><marc:subfield code="5">z</marc:subfield><marc:subfield code="0">Édite : </marc:subfield><marc:subfield code="3">13937871</marc:subfield><marc:subfield code="a">Atlantic-Lone Wolf</marc:subfield></marc:datafield><marc:datafield tag="516" ind1=" " ind2=" "><marc:subfield code="5">z</marc:subfield><marc:subfield code="0">Édite : </marc:subfield><marc:subfield code="3">13937877</marc:subfield><marc:subfield code="a">Atlantic-Loud &amp; Proud</marc:subfield></marc:datafield><marc:datafield tag="516" ind1=" " ind2=" "><marc:subfield code="5">z</marc:subfield><marc:subfield code="0">Édite : </marc:subfield><marc:subfield code="3">13938949</marc:subfield><marc:subfield code="a">WEA International</marc:subfield></marc:datafield><marc:datafield tag="516" ind1=" " ind2=" "><marc:subfield code="5">z</marc:subfield><marc:subfield code="0">Édite : </marc:subfield><marc:subfield code="3">13943730</marc:subfield><marc:subfield code="a">Elektra-Pendulum</marc:subfield></marc:datafield><marc:datafield tag="516" ind1=" " ind2=" "><marc:subfield code="5">z</marc:subfield><marc:subfield code="0">Édite : </marc:subfield><marc:subfield code="3">13878153</marc:subfield><marc:subfield code="a">WEA</marc:subfield></marc:datafield><marc:datafield tag="516" ind1=" " ind2=" "><marc:subfield code="5">z</marc:subfield><marc:subfield code="0">Édite : </marc:subfield><marc:subfield code="3">13878151</marc:subfield><marc:subfield code="a">Warner Bros-Paisley Park</marc:subfield></marc:datafield><marc:datafield tag="516" ind1=" " ind2=" "><marc:subfield code="5">z</marc:subfield><marc:subfield code="0">Édite : </marc:subfield><marc:subfield code="3">13878142</marc:subfield><marc:subfield code="a">Warner Bros</marc:subfield></marc:datafield><marc:datafield tag="516" ind1=" " ind2=" "><marc:subfield code="5">z</marc:subfield><marc:subfield code="0">Édite : </marc:subfield><marc:subfield code="3">13875192</marc:subfield><marc:subfield code="a">East West</marc:subfield></marc:datafield><marc:datafield tag="516" ind1=" " ind2=" "><marc:subfield code="5">z</marc:subfield><marc:subfield code="0">Édite : </marc:subfield><marc:subfield code="3">13877436</marc:subfield><marc:subfield code="a">Sire</marc:subfield></marc:datafield><marc:datafield tag="516" ind1=" " ind2=" "><marc:subfield code="5">z</marc:subfield><marc:subfield code="0">Édite : </marc:subfield><marc:subfield code="3">13947665</marc:subfield><marc:subfield code="a">Rna</marc:subfield></marc:datafield><marc:datafield tag="516" ind1=" " ind2=" "><marc:subfield code="5">z</marc:subfield><marc:subfield code="0">Édite : </marc:subfield><marc:subfield code="3">13956136</marc:subfield><marc:subfield code="a">Mesa</marc:subfield></marc:datafield><marc:datafield tag="516" ind1=" " ind2=" "><marc:subfield code="5">z</marc:subfield><marc:subfield code="0">Édite : </marc:subfield><marc:subfield code="3">13956255</marc:subfield><marc:subfield code="a">Rhino-Excello</marc:subfield></marc:datafield><marc:datafield tag="516" ind1=" " ind2=" "><marc:subfield code="5">z</marc:subfield><marc:subfield code="0">Édite : </marc:subfield><marc:subfield code="3">13956384</marc:subfield><marc:subfield code="a">PWL International</marc:subfield></marc:datafield><marc:datafield tag="516" ind1=" " ind2=" "><marc:subfield code="5">z</marc:subfield><marc:subfield code="0">Édite : </marc:subfield><marc:subfield code="3">13956854</marc:subfield><marc:subfield code="a">East West-HJ</marc:subfield></marc:datafield><marc:datafield tag="516" ind1=" " ind2=" "><marc:subfield code="5">z</marc:subfield><marc:subfield code="0">Édite : </marc:subfield><marc:subfield code="3">13874929</marc:subfield><marc:subfield code="a">Cotillion</marc:subfield></marc:datafield><marc:datafield tag="516" ind1=" " ind2=" "><marc:subfield code="5">z</marc:subfield><marc:subfield code="0">Édite : </marc:subfield><marc:subfield code="3">13877174</marc:subfield><marc:subfield code="a">Reprise-Full Moon</marc:subfield></marc:datafield><marc:datafield tag="516" ind1=" " ind2=" "><marc:subfield code="5">z</marc:subfield><marc:subfield code="0">Édite : </marc:subfield><marc:subfield code="3">13873965</marc:subfield><marc:subfield code="a">Blanco y negro</marc:subfield></marc:datafield><marc:datafield tag="516" ind1=" " ind2=" "><marc:subfield code="5">z</marc:subfield><marc:subfield code="0">Édite : </marc:subfield><marc:subfield code="3">13947018</marc:subfield><marc:subfield code="a">Medley</marc:subfield></marc:datafield><marc:datafield tag="516" ind1=" " ind2=" "><marc:subfield code="5">z</marc:subfield><marc:subfield code="0">Édite : </marc:subfield><marc:subfield code="3">13949495</marc:subfield><marc:subfield code="a">Select</marc:subfield><marc:subfield code="c">1992-....</marc:subfield></marc:datafield><marc:datafield tag="516" ind1=" " ind2=" "><marc:subfield code="5">z</marc:subfield><marc:subfield code="0">Édite : </marc:subfield><marc:subfield code="3">13937132</marc:subfield><marc:subfield code="a">Elektra-African Love</marc:subfield></marc:datafield><marc:datafield tag="516" ind1=" " ind2=" "><marc:subfield code="5">z</marc:subfield><marc:subfield code="0">Édite : </marc:subfield><marc:subfield code="3">13877140</marc:subfield><marc:subfield code="a">Real</marc:subfield></marc:datafield><marc:datafield tag="516" ind1=" " ind2=" "><marc:subfield code="5">z</marc:subfield><marc:subfield code="0">Édite : </marc:subfield><marc:subfield code="3">13957303</marc:subfield><marc:subfield code="a">PWL international-EPM</marc:subfield></marc:datafield><marc:datafield tag="516" ind1=" " ind2=" "><marc:subfield code="5">z</marc:subfield><marc:subfield code="0">Édite : </marc:subfield><marc:subfield code="3">13877056</marc:subfield><marc:subfield code="a">Qwest</marc:subfield></marc:datafield><marc:datafield tag="516" ind1=" " ind2=" "><marc:subfield code="5">z</marc:subfield><marc:subfield code="0">Édite : </marc:subfield><marc:subfield code="3">13957371</marc:subfield><marc:subfield code="a">Wea-Telegram</marc:subfield></marc:datafield><marc:datafield tag="516" ind1=" " ind2=" "><marc:subfield code="5">z</marc:subfield><marc:subfield code="0">Édite : </marc:subfield><marc:subfield code="3">13957386</marc:subfield><marc:subfield code="a">Atlantic-Interscope-Donnie D</marc:subfield></marc:datafield><marc:datafield tag="516" ind1=" " ind2=" "><marc:subfield code="5">z</marc:subfield><marc:subfield code="0">Édite : </marc:subfield><marc:subfield code="3">13877809</marc:subfield><marc:subfield code="a">Teldec</marc:subfield></marc:datafield><marc:datafield tag="516" ind1=" " ind2=" "><marc:subfield code="5">z</marc:subfield><marc:subfield code="0">Édite : </marc:subfield><marc:subfield code="3">13957575</marc:subfield><marc:subfield code="a">Warner Bros-Mtv-Stiefel Phillips</marc:subfield></marc:datafield><marc:datafield tag="516" ind1=" " ind2=" "><marc:subfield code="5">z</marc:subfield><marc:subfield code="0">Édite : </marc:subfield><marc:subfield code="3">13957594</marc:subfield><marc:subfield code="a">Reprise-MTV</marc:subfield></marc:datafield><marc:datafield tag="516" ind1=" " ind2=" "><marc:subfield code="5">z</marc:subfield><marc:subfield code="0">Édite : </marc:subfield><marc:subfield code="3">13958015</marc:subfield><marc:subfield code="a">EarthBeat !</marc:subfield></marc:datafield><marc:datafield tag="516" ind1=" " ind2=" "><marc:subfield code="5">z</marc:subfield><marc:subfield code="0">Édite : </marc:subfield><marc:subfield code="3">13958072</marc:subfield><marc:subfield code="a">Reprise-Forceful</marc:subfield></marc:datafield><marc:datafield tag="516" ind1=" " ind2=" "><marc:subfield code="5">z</marc:subfield><marc:subfield code="0">Édite : </marc:subfield><marc:subfield code="3">13932567</marc:subfield><marc:subfield code="a">Warner Bros-Rap-Eternal</marc:subfield></marc:datafield><marc:datafield tag="516" ind1=" " ind2=" "><marc:subfield code="5">z</marc:subfield><marc:subfield code="0">Édite : </marc:subfield><marc:subfield code="3">13930610</marc:subfield><marc:subfield code="a">Warner Bros-Rap</marc:subfield></marc:datafield><marc:datafield tag="516" ind1=" " ind2=" "><marc:subfield code="5">z</marc:subfield><marc:subfield code="0">Édite : </marc:subfield><marc:subfield code="3">13926986</marc:subfield><marc:subfield code="a">Warner Bros-Sire-Luaka Bop</marc:subfield></marc:datafield><marc:datafield tag="516" ind1=" " ind2=" "><marc:subfield code="5">z</marc:subfield><marc:subfield code="0">Édite : </marc:subfield><marc:subfield code="3">13927020</marc:subfield><marc:subfield code="a">Warner Bros-Uptown</marc:subfield></marc:datafield><marc:datafield tag="516" ind1=" " ind2=" "><marc:subfield code="5">z</marc:subfield><marc:subfield code="0">Édite : </marc:subfield><marc:subfield code="3">13930280</marc:subfield><marc:subfield code="a">Warner Bros-Sire-Rhyme Syndicate</marc:subfield></marc:datafield><marc:datafield tag="516" ind1=" " ind2=" "><marc:subfield code="5">z</marc:subfield><marc:subfield code="0">Édite : </marc:subfield><marc:subfield code="3">13947019</marc:subfield><marc:subfield code="a">Warner Bros-Medley</marc:subfield></marc:datafield><marc:datafield tag="516" ind1=" " ind2=" "><marc:subfield code="5">z</marc:subfield><marc:subfield code="0">Édite : </marc:subfield><marc:subfield code="3">13947021</marc:subfield><marc:subfield code="a">Warner Bros-Giant-Big Beat</marc:subfield></marc:datafield><marc:datafield tag="516" ind1=" " ind2=" "><marc:subfield code="5">z</marc:subfield><marc:subfield code="0">Édite : </marc:subfield><marc:subfield code="3">13947282</marc:subfield><marc:subfield code="a">Reprise-Cold Chillin&apos;</marc:subfield></marc:datafield><marc:datafield tag="516" ind1=" " ind2=" "><marc:subfield code="5">z</marc:subfield><marc:subfield code="0">Édite : </marc:subfield><marc:subfield code="3">13932181</marc:subfield><marc:subfield code="7">ba0yba0y</marc:subfield><marc:subfield code="8">fre   </marc:subfield><marc:subfield code="a">Rhino</marc:subfield></marc:datafield><marc:datafield tag="516" ind1=" " ind2=" "><marc:subfield code="5">z</marc:subfield><marc:subfield code="0">Édite : </marc:subfield><marc:subfield code="3">13927106</marc:subfield><marc:subfield code="7">ba0yba0y</marc:subfield><marc:subfield code="8">fre   </marc:subfield><marc:subfield code="a">Reprise</marc:subfield></marc:datafield><marc:datafield tag="516" ind1=" " ind2=" "><marc:subfield code="5">z</marc:subfield><marc:subfield code="0">Édite : </marc:subfield><marc:subfield code="3">13875335</marc:subfield><marc:subfield code="a">Esparanza</marc:subfield></marc:datafield><marc:datafield tag="516" ind1=" " ind2=" "><marc:subfield code="5">z</marc:subfield><marc:subfield code="0">Édite : </marc:subfield><marc:subfield code="3">13873725</marc:subfield><marc:subfield code="a">3 Cipreses</marc:subfield></marc:datafield><marc:datafield tag="516" ind1=" " ind2=" "><marc:subfield code="5">z</marc:subfield><marc:subfield code="0">Édite : </marc:subfield><marc:subfield code="3">13873717</marc:subfield><marc:subfield code="a">East West-Ultraphonic</marc:subfield></marc:datafield><marc:datafield tag="516" ind1=" " ind2=" "><marc:subfield code="5">z</marc:subfield><marc:subfield code="0">Édite : </marc:subfield><marc:subfield code="3">13873747</marc:subfield><marc:subfield code="a">East West-On</marc:subfield></marc:datafield><marc:datafield tag="516" ind1=" " ind2=" "><marc:subfield code="5">z</marc:subfield><marc:subfield code="0">Édite : </marc:subfield><marc:subfield code="3">13958501</marc:subfield><marc:subfield code="a">Forward</marc:subfield></marc:datafield><marc:datafield tag="516" ind1=" " ind2=" "><marc:subfield code="5">z</marc:subfield><marc:subfield code="0">Édite : </marc:subfield><marc:subfield code="3">13931347</marc:subfield><marc:subfield code="a">WEA-East West</marc:subfield></marc:datafield><marc:datafield tag="516" ind1=" " ind2=" "><marc:subfield code="5">z</marc:subfield><marc:subfield code="0">Édite : </marc:subfield><marc:subfield code="3">13933789</marc:subfield><marc:subfield code="a">Warner Bros-Wilbury</marc:subfield></marc:datafield><marc:datafield tag="516" ind1=" " ind2=" "><marc:subfield code="5">z</marc:subfield><marc:subfield code="0">Édite : </marc:subfield><marc:subfield code="3">13933984</marc:subfield><marc:subfield code="a">Warner Bros-Sire-Q Sound</marc:subfield></marc:datafield><marc:datafield tag="516" ind1=" " ind2=" "><marc:subfield code="5">z</marc:subfield><marc:subfield code="0">Édite : </marc:subfield><marc:subfield code="3">13947235</marc:subfield><marc:subfield code="a">East West-Oval</marc:subfield></marc:datafield><marc:datafield tag="516" ind1=" " ind2=" "><marc:subfield code="5">z</marc:subfield><marc:subfield code="0">Édite : </marc:subfield><marc:subfield code="3">13875243</marc:subfield><marc:subfield code="a">Elektra</marc:subfield></marc:datafield><marc:datafield tag="516" ind1=" " ind2=" "><marc:subfield code="5">z</marc:subfield><marc:subfield code="0">Édite : </marc:subfield><marc:subfield code="3">13958597</marc:subfield><marc:subfield code="a">Atlantic-Mo Jam</marc:subfield></marc:datafield><marc:datafield tag="516" ind1=" " ind2=" "><marc:subfield code="5">z</marc:subfield><marc:subfield code="0">Édite : </marc:subfield><marc:subfield code="3">13874022</marc:subfield><marc:subfield code="a">Wea-Mvg</marc:subfield></marc:datafield><marc:datafield tag="516" ind1=" " ind2=" "><marc:subfield code="5">z</marc:subfield><marc:subfield code="0">Édite : </marc:subfield><marc:subfield code="3">13874021</marc:subfield><marc:subfield code="a">WEA-Play it loud</marc:subfield></marc:datafield><marc:datafield tag="516" ind1=" " ind2=" "><marc:subfield code="5">z</marc:subfield><marc:subfield code="0">Édite : </marc:subfield><marc:subfield code="3">13873957</marc:subfield><marc:subfield code="a">Sire-Maverick</marc:subfield></marc:datafield><marc:datafield tag="516" ind1=" " ind2=" "><marc:subfield code="5">z</marc:subfield><marc:subfield code="0">Édite : </marc:subfield><marc:subfield code="3">13874710</marc:subfield><marc:subfield code="a">WEA-Torpedo</marc:subfield></marc:datafield><marc:datafield tag="516" ind1=" " ind2=" "><marc:subfield code="5">z</marc:subfield><marc:subfield code="0">Édite : </marc:subfield><marc:subfield code="3">13874713</marc:subfield><marc:subfield code="a">Reprise-Kalimba</marc:subfield></marc:datafield><marc:datafield tag="516" ind1=" " ind2=" "><marc:subfield code="5">z</marc:subfield><marc:subfield code="0">Édite : </marc:subfield><marc:subfield code="3">13873972</marc:subfield><marc:subfield code="a">Maverick</marc:subfield></marc:datafield><marc:datafield tag="516" ind1=" " ind2=" "><marc:subfield code="5">z</marc:subfield><marc:subfield code="0">Édite : </marc:subfield><marc:subfield code="3">13875597</marc:subfield><marc:subfield code="a">Warner Bros-Capricorn</marc:subfield></marc:datafield><marc:datafield tag="516" ind1=" " ind2=" "><marc:subfield code="5">z</marc:subfield><marc:subfield code="0">Édite : </marc:subfield><marc:subfield code="3">13875675</marc:subfield><marc:subfield code="a">Warner Bros-Reprise</marc:subfield></marc:datafield><marc:datafield tag="516" ind1=" " ind2=" "><marc:subfield code="5">z</marc:subfield><marc:subfield code="0">Édite : </marc:subfield><marc:subfield code="3">13875013</marc:subfield><marc:subfield code="a">Rhino-Atlantic Jazz</marc:subfield></marc:datafield><marc:datafield tag="516" ind1=" " ind2=" "><marc:subfield code="5">z</marc:subfield><marc:subfield code="0">Édite : </marc:subfield><marc:subfield code="3">13934741</marc:subfield><marc:subfield code="a">Warner Bros-Grand Jury</marc:subfield></marc:datafield><marc:datafield tag="516" ind1=" " ind2=" "><marc:subfield code="5">z</marc:subfield><marc:subfield code="0">Édite : </marc:subfield><marc:subfield code="3">13936799</marc:subfield><marc:subfield code="a">WEA-Metronome</marc:subfield></marc:datafield><marc:datafield tag="516" ind1=" " ind2=" "><marc:subfield code="5">z</marc:subfield><marc:subfield code="0">Édite : </marc:subfield><marc:subfield code="3">13937915</marc:subfield><marc:subfield code="a">Warner Bros-Giant</marc:subfield></marc:datafield><marc:datafield tag="516" ind1=" " ind2=" "><marc:subfield code="5">z</marc:subfield><marc:subfield code="0">Édite : </marc:subfield><marc:subfield code="3">13942022</marc:subfield><marc:subfield code="a">Warner Bros-Tappan Zee</marc:subfield></marc:datafield><marc:datafield tag="516" ind1=" " ind2=" "><marc:subfield code="5">z</marc:subfield><marc:subfield code="0">Édite : </marc:subfield><marc:subfield code="3">13947280</marc:subfield><marc:subfield code="a">Elektra-Rush Artist</marc:subfield></marc:datafield><marc:datafield tag="516" ind1=" " ind2=" "><marc:subfield code="5">z</marc:subfield><marc:subfield code="0">Édite : </marc:subfield><marc:subfield code="3">13927026</marc:subfield><marc:subfield code="a">Warner Bros-Sire</marc:subfield></marc:datafield><marc:datafield tag="516" ind1=" " ind2=" "><marc:subfield code="5">z</marc:subfield><marc:subfield code="0">Édite : </marc:subfield><marc:subfield code="3">13947281</marc:subfield><marc:subfield code="a">Sire-Reprise-Kinetic</marc:subfield></marc:datafield><marc:datafield tag="516" ind1=" " ind2=" "><marc:subfield code="5">z</marc:subfield><marc:subfield code="0">Édite : </marc:subfield><marc:subfield code="3">13933802</marc:subfield><marc:subfield code="a">Reprise-Giant</marc:subfield></marc:datafield><marc:datafield tag="516" ind1=" " ind2=" "><marc:subfield code="5">z</marc:subfield><marc:subfield code="0">Édite : </marc:subfield><marc:subfield code="3">13875245</marc:subfield><marc:subfield code="a">Elektra-Nonesuch</marc:subfield></marc:datafield><marc:datafield tag="516" ind1=" " ind2=" "><marc:subfield code="5">z</marc:subfield><marc:subfield code="0">Édite : </marc:subfield><marc:subfield code="3">13942720</marc:subfield><marc:subfield code="a">Atlantic-Third Stone</marc:subfield></marc:datafield><marc:datafield tag="516" ind1=" " ind2=" "><marc:subfield code="5">z</marc:subfield><marc:subfield code="0">Édite : </marc:subfield><marc:subfield code="3">13947740</marc:subfield><marc:subfield code="a">East West-Atco</marc:subfield></marc:datafield><marc:datafield tag="516" ind1=" " ind2=" "><marc:subfield code="5">z</marc:subfield><marc:subfield code="0">Édite : </marc:subfield><marc:subfield code="3">13947774</marc:subfield><marc:subfield code="a">East West-Platinum</marc:subfield></marc:datafield><marc:datafield tag="516" ind1=" " ind2=" "><marc:subfield code="5">z</marc:subfield><marc:subfield code="0">Édite : </marc:subfield><marc:subfield code="3">13947778</marc:subfield><marc:subfield code="a">WEA-Quinlan Road</marc:subfield></marc:datafield><marc:datafield tag="516" ind1=" " ind2=" "><marc:subfield code="5">z</marc:subfield><marc:subfield code="0">Édite : </marc:subfield><marc:subfield code="3">13877635</marc:subfield><marc:subfield code="a">Swan Song</marc:subfield></marc:datafield><marc:datafield tag="516" ind1=" " ind2=" "><marc:subfield code="5">z</marc:subfield><marc:subfield code="0">Édite : </marc:subfield><marc:subfield code="3">13876140</marc:subfield><marc:subfield code="a">Elektra-Street know ledge</marc:subfield></marc:datafield><marc:datafield tag="516" ind1=" " ind2=" "><marc:subfield code="5">z</marc:subfield><marc:subfield code="0">Édite : </marc:subfield><marc:subfield code="3">13948528</marc:subfield><marc:subfield code="a">Elektra-PWR</marc:subfield></marc:datafield><marc:datafield tag="516" ind1=" " ind2=" "><marc:subfield code="5">z</marc:subfield><marc:subfield code="0">Édite : </marc:subfield><marc:subfield code="3">13948830</marc:subfield><marc:subfield code="a">East West-Australian</marc:subfield></marc:datafield><marc:datafield tag="516" ind1=" " ind2=" "><marc:subfield code="5">z</marc:subfield><marc:subfield code="0">Édite : </marc:subfield><marc:subfield code="3">13946892</marc:subfield><marc:subfield code="a">East West-Dead Dead Good</marc:subfield></marc:datafield><marc:datafield tag="516" ind1=" " ind2=" "><marc:subfield code="5">z</marc:subfield><marc:subfield code="0">Édite : </marc:subfield><marc:subfield code="3">13946898</marc:subfield><marc:subfield code="a">East West-Merciful Release</marc:subfield></marc:datafield><marc:datafield tag="516" ind1=" " ind2=" "><marc:subfield code="5">z</marc:subfield><marc:subfield code="0">Édite : </marc:subfield><marc:subfield code="3">13948863</marc:subfield><marc:subfield code="a">Pwr</marc:subfield></marc:datafield><marc:datafield tag="516" ind1=" " ind2=" "><marc:subfield code="5">z</marc:subfield><marc:subfield code="0">Édite : </marc:subfield><marc:subfield code="3">13878150</marc:subfield><marc:subfield code="a">Warner Bros-Opal</marc:subfield></marc:datafield><marc:datafield tag="516" ind1=" " ind2=" "><marc:subfield code="5">z</marc:subfield><marc:subfield code="0">Édite : </marc:subfield><marc:subfield code="3">13927042</marc:subfield><marc:subfield code="a">Reprise-Duck</marc:subfield></marc:datafield><marc:datafield tag="516" ind1=" " ind2=" "><marc:subfield code="5">z</marc:subfield><marc:subfield code="0">Édite : </marc:subfield><marc:subfield code="3">13873775</marc:subfield><marc:subfield code="7">ba0yba0y</marc:subfield><marc:subfield code="8">fre   </marc:subfield><marc:subfield code="a">Atlantic</marc:subfield></marc:datafield><marc:datafield tag="516" ind1=" " ind2=" "><marc:subfield code="5">z</marc:subfield><marc:subfield code="0">Édite : </marc:subfield><marc:subfield code="3">13950243</marc:subfield><marc:subfield code="a">Warner Bros-GD</marc:subfield></marc:datafield><marc:datafield tag="516" ind1=" " ind2=" "><marc:subfield code="5">z</marc:subfield><marc:subfield code="0">Édite : </marc:subfield><marc:subfield code="3">13950244</marc:subfield><marc:subfield code="a">Warner Bros-Sire-Maverick</marc:subfield></marc:datafield><marc:datafield tag="516" ind1=" " ind2=" "><marc:subfield code="5">z</marc:subfield><marc:subfield code="0">Édite : </marc:subfield><marc:subfield code="3">13873779</marc:subfield><marc:subfield code="a">Atlantic Jazz</marc:subfield></marc:datafield><marc:datafield tag="516" ind1=" " ind2=" "><marc:subfield code="5">z</marc:subfield><marc:subfield code="0">Édite : </marc:subfield><marc:subfield code="3">13937926</marc:subfield><marc:subfield code="a">East West-Interscope</marc:subfield></marc:datafield><marc:datafield tag="516" ind1=" " ind2=" "><marc:subfield code="5">z</marc:subfield><marc:subfield code="0">Édite : </marc:subfield><marc:subfield code="3">13951281</marc:subfield><marc:subfield code="a">Rhino-Bearsville</marc:subfield></marc:datafield><marc:datafield tag="516" ind1=" " ind2=" "><marc:subfield code="5">z</marc:subfield><marc:subfield code="0">Édite : </marc:subfield><marc:subfield code="3">13951334</marc:subfield><marc:subfield code="a">Atco-Albert</marc:subfield></marc:datafield><marc:datafield tag="516" ind1=" " ind2=" "><marc:subfield code="5">z</marc:subfield><marc:subfield code="0">Édite : </marc:subfield><marc:subfield code="3">13951338</marc:subfield><marc:subfield code="a">East West-Magnet</marc:subfield></marc:datafield><marc:datafield tag="516" ind1=" " ind2=" "><marc:subfield code="5">z</marc:subfield><marc:subfield code="0">Édite : </marc:subfield><marc:subfield code="3">13878155</marc:subfield><marc:subfield code="a">WEA-Elektra</marc:subfield></marc:datafield><marc:datafield tag="516" ind1=" " ind2=" "><marc:subfield code="5">z</marc:subfield><marc:subfield code="0">Édite : </marc:subfield><marc:subfield code="3">13876253</marc:subfield><marc:subfield code="a">Magnet</marc:subfield></marc:datafield><marc:datafield tag="516" ind1=" " ind2=" "><marc:subfield code="5">z</marc:subfield><marc:subfield code="0">Édite : </marc:subfield><marc:subfield code="3">13951340</marc:subfield><marc:subfield code="a">Atlantic &amp; Atco-Rhino</marc:subfield></marc:datafield><marc:datafield tag="516" ind1=" " ind2=" "><marc:subfield code="5">z</marc:subfield><marc:subfield code="0">Édite : </marc:subfield><marc:subfield code="3">13878162</marc:subfield><marc:subfield code="a">WEA-Real</marc:subfield></marc:datafield><marc:datafield tag="516" ind1=" " ind2=" "><marc:subfield code="5">z</marc:subfield><marc:subfield code="0">Édite : </marc:subfield><marc:subfield code="3">13951661</marc:subfield><marc:subfield code="a">WEA-Sire-Real</marc:subfield></marc:datafield><marc:datafield tag="516" ind1=" " ind2=" "><marc:subfield code="5">z</marc:subfield><marc:subfield code="0">Édite : </marc:subfield><marc:subfield code="3">13946895</marc:subfield><marc:subfield code="a">3 Beat</marc:subfield></marc:datafield><marc:datafield tag="516" ind1=" " ind2=" "><marc:subfield code="5">z</marc:subfield><marc:subfield code="0">Édite : </marc:subfield><marc:subfield code="3">13947286</marc:subfield><marc:subfield code="a">WEA-Apache</marc:subfield></marc:datafield><marc:datafield tag="516" ind1=" " ind2=" "><marc:subfield code="5">z</marc:subfield><marc:subfield code="0">Édite : </marc:subfield><marc:subfield code="3">13878242</marc:subfield><marc:subfield code="a">ZTT</marc:subfield></marc:datafield><marc:datafield tag="516" ind1=" " ind2=" "><marc:subfield code="5">z</marc:subfield><marc:subfield code="0">Édite : </marc:subfield><marc:subfield code="3">13873765</marc:subfield><marc:subfield code="a">Atco</marc:subfield></marc:datafield><marc:datafield tag="516" ind1=" " ind2=" "><marc:subfield code="5">z</marc:subfield><marc:subfield code="0">Édite : </marc:subfield><marc:subfield code="3">13952228</marc:subfield><marc:subfield code="a">Warner Bros-Luaka bop</marc:subfield></marc:datafield><marc:datafield tag="516" ind1=" " ind2=" "><marc:subfield code="5">z</marc:subfield><marc:subfield code="0">Édite : </marc:subfield><marc:subfield code="3">13927112</marc:subfield><marc:subfield code="a">Warner Bros-Qwest</marc:subfield></marc:datafield><marc:datafield tag="516" ind1=" " ind2=" "><marc:subfield code="5">z</marc:subfield><marc:subfield code="0">Édite : </marc:subfield><marc:subfield code="3">13952279</marc:subfield><marc:subfield code="a">CGD-Clan</marc:subfield></marc:datafield><marc:datafield tag="516" ind1=" " ind2=" "><marc:subfield code="5">z</marc:subfield><marc:subfield code="0">Édite : </marc:subfield><marc:subfield code="3">13953574</marc:subfield><marc:subfield code="a">East West-Australian-Mma</marc:subfield></marc:datafield><marc:datafield tag="516" ind1=" " ind2=" "><marc:subfield code="5">z</marc:subfield><marc:subfield code="0">Édite : </marc:subfield><marc:subfield code="3">13953581</marc:subfield><marc:subfield code="a">Atlantic-Modern</marc:subfield></marc:datafield><marc:datafield tag="516" ind1=" " ind2=" "><marc:subfield code="5">z</marc:subfield><marc:subfield code="0">Édite : </marc:subfield><marc:subfield code="3">13953804</marc:subfield><marc:subfield code="a">Sire-Blanco y Negro</marc:subfield></marc:datafield><marc:datafield tag="516" ind1=" " ind2=" "><marc:subfield code="5">z</marc:subfield><marc:subfield code="0">Édite : </marc:subfield><marc:subfield code="3">14038189</marc:subfield><marc:subfield code="a">Warner.esp</marc:subfield></marc:datafield><marc:datafield tag="516" ind1=" " ind2=" "><marc:subfield code="5">z</marc:subfield><marc:subfield code="0">Édite : </marc:subfield><marc:subfield code="3">13979535</marc:subfield><marc:subfield code="a">Yellow</marc:subfield></marc:datafield><marc:datafield tag="516" ind1=" " ind2=" "><marc:subfield code="5">z</marc:subfield><marc:subfield code="0">Édite : </marc:subfield><marc:subfield code="3">14030024</marc:subfield><marc:subfield code="a">East West-Yellow</marc:subfield></marc:datafield><marc:datafield tag="516" ind1=" " ind2=" "><marc:subfield code="5">z</marc:subfield><marc:subfield code="0">Édite : </marc:subfield><marc:subfield code="3">14041453</marc:subfield><marc:subfield code="a">East West dance</marc:subfield></marc:datafield><marc:datafield tag="516" ind1=" " ind2=" "><marc:subfield code="5">z</marc:subfield><marc:subfield code="0">Édite : </marc:subfield><marc:subfield code="3">13954853</marc:subfield><marc:subfield code="a">LKJ</marc:subfield></marc:datafield><marc:datafield tag="516" ind1=" " ind2=" "><marc:subfield code="5">z</marc:subfield><marc:subfield code="0">Édite : </marc:subfield><marc:subfield code="3">14043743</marc:subfield><marc:subfield code="7">ba0yba0y</marc:subfield><marc:subfield code="8">fre   </marc:subfield><marc:subfield code="a">Cat</marc:subfield><marc:subfield code="c">États-Unis</marc:subfield></marc:datafield><marc:datafield tag="516" ind1=" " ind2=" "><marc:subfield code="5">z</marc:subfield><marc:subfield code="0">Édite : </marc:subfield><marc:subfield code="3">13875394</marc:subfield><marc:subfield code="a">Fantasy</marc:subfield></marc:datafield><marc:datafield tag="516" ind1=" " ind2=" "><marc:subfield code="5">z</marc:subfield><marc:subfield code="0">Édite : </marc:subfield><marc:subfield code="3">14047836</marc:subfield><marc:subfield code="a">Frenetic</marc:subfield></marc:datafield><marc:datafield tag="516" ind1=" " ind2=" "><marc:subfield code="5">z</marc:subfield><marc:subfield code="0">Édite : </marc:subfield><marc:subfield code="3">14036296</marc:subfield><marc:subfield code="a">Warner music France</marc:subfield></marc:datafield><marc:datafield tag="516" ind1=" " ind2=" "><marc:subfield code="5">z</marc:subfield><marc:subfield code="0">Édite : </marc:subfield><marc:subfield code="3">14054585</marc:subfield><marc:subfield code="7">ba0yba0y</marc:subfield><marc:subfield code="8">fre   </marc:subfield><marc:subfield code="a">Warner jazz France</marc:subfield></marc:datafield><marc:datafield tag="516" ind1=" " ind2=" "><marc:subfield code="5">z</marc:subfield><marc:subfield code="0">Édite : </marc:subfield><marc:subfield code="3">13953958</marc:subfield><marc:subfield code="a">Atlantic-Fire</marc:subfield></marc:datafield><marc:datafield tag="516" ind1=" " ind2=" "><marc:subfield code="5">z</marc:subfield><marc:subfield code="0">Édite : </marc:subfield><marc:subfield code="3">13874707</marc:subfield><marc:subfield code="a">CGD</marc:subfield></marc:datafield><marc:datafield tag="516" ind1=" " ind2=" "><marc:subfield code="5">z</marc:subfield><marc:subfield code="0">Édite : </marc:subfield><marc:subfield code="3">13953959</marc:subfield><marc:subfield code="a">Cgd-ira</marc:subfield></marc:datafield><marc:datafield tag="516" ind1=" " ind2=" "><marc:subfield code="5">z</marc:subfield><marc:subfield code="0">Édite : </marc:subfield><marc:subfield code="3">13953960</marc:subfield><marc:subfield code="a">CGD-IRA-TransEuropa</marc:subfield></marc:datafield><marc:datafield tag="516" ind1=" " ind2=" "><marc:subfield code="5">z</marc:subfield><marc:subfield code="0">Édite : </marc:subfield><marc:subfield code="3">13953961</marc:subfield><marc:subfield code="a">Interscope</marc:subfield></marc:datafield><marc:datafield tag="516" ind1=" " ind2=" "><marc:subfield code="5">z</marc:subfield><marc:subfield code="0">Édite : </marc:subfield><marc:subfield code="3">13877039</marc:subfield><marc:subfield code="a">PWL</marc:subfield></marc:datafield><marc:datafield tag="516" ind1=" " ind2=" "><marc:subfield code="5">z</marc:subfield><marc:subfield code="0">Édite : </marc:subfield><marc:subfield code="3">13953967</marc:subfield><marc:subfield code="a">East West-Street Knowledge</marc:subfield></marc:datafield><marc:datafield tag="516" ind1=" " ind2=" "><marc:subfield code="5">z</marc:subfield><marc:subfield code="0">Édite : </marc:subfield><marc:subfield code="3">13953968</marc:subfield><marc:subfield code="a">Atlantic-GMI</marc:subfield></marc:datafield><marc:datafield tag="516" ind1=" " ind2=" "><marc:subfield code="5">z</marc:subfield><marc:subfield code="0">Édite : </marc:subfield><marc:subfield code="3">13930874</marc:subfield><marc:subfield code="a">RooArt</marc:subfield></marc:datafield><marc:datafield tag="516" ind1=" " ind2=" "><marc:subfield code="5">z</marc:subfield><marc:subfield code="0">Édite : </marc:subfield><marc:subfield code="3">13877562</marc:subfield><marc:subfield code="a">Stax</marc:subfield></marc:datafield><marc:datafield tag="516" ind1=" " ind2=" "><marc:subfield code="5">z</marc:subfield><marc:subfield code="0">Édite : </marc:subfield><marc:subfield code="3">13955126</marc:subfield><marc:subfield code="a">Motown-Rhino</marc:subfield></marc:datafield><marc:datafield tag="516" ind1=" " ind2=" "><marc:subfield code="5">z</marc:subfield><marc:subfield code="0">Édite : </marc:subfield><marc:subfield code="3">13873663</marc:subfield><marc:subfield code="a">Anxious</marc:subfield></marc:datafield><marc:datafield tag="516" ind1=" " ind2=" "><marc:subfield code="5">z</marc:subfield><marc:subfield code="0">Édite : </marc:subfield><marc:subfield code="3">13955127</marc:subfield><marc:subfield code="a">Atlantic-Atco</marc:subfield></marc:datafield><marc:datafield tag="516" ind1=" " ind2=" "><marc:subfield code="5">z</marc:subfield><marc:subfield code="0">Édite : </marc:subfield><marc:subfield code="3">13955128</marc:subfield><marc:subfield code="a">East West-Gini</marc:subfield></marc:datafield><marc:datafield tag="516" ind1=" " ind2=" "><marc:subfield code="5">z</marc:subfield><marc:subfield code="0">Édite : </marc:subfield><marc:subfield code="3">13875633</marc:subfield><marc:subfield code="a">Elektra-Sub Pop</marc:subfield></marc:datafield><marc:datafield tag="516" ind1=" " ind2=" "><marc:subfield code="5">z</marc:subfield><marc:subfield code="0">Édite : </marc:subfield><marc:subfield code="3">13955129</marc:subfield><marc:subfield code="a">East West-Mo Jam</marc:subfield></marc:datafield><marc:datafield tag="516" ind1=" " ind2=" "><marc:subfield code="5">z</marc:subfield><marc:subfield code="0">Édite : </marc:subfield><marc:subfield code="3">13955130</marc:subfield><marc:subfield code="a">RooArt Australian</marc:subfield></marc:datafield><marc:datafield tag="516" ind1=" " ind2=" "><marc:subfield code="5">z</marc:subfield><marc:subfield code="0">Édite : </marc:subfield><marc:subfield code="3">13949540</marc:subfield><marc:subfield code="a">Warner Bros-Loka</marc:subfield></marc:datafield><marc:datafield tag="516" ind1=" " ind2=" "><marc:subfield code="5">z</marc:subfield><marc:subfield code="0">Édite : </marc:subfield><marc:subfield code="3">13877441</marc:subfield><marc:subfield code="a">Sire-Reprise</marc:subfield></marc:datafield><marc:datafield tag="516" ind1=" " ind2=" "><marc:subfield code="5">z</marc:subfield><marc:subfield code="0">Édite : </marc:subfield><marc:subfield code="3">13955529</marc:subfield><marc:subfield code="a">Wea-Some Bizzare</marc:subfield></marc:datafield><marc:datafield tag="516" ind1=" " ind2=" "><marc:subfield code="5">z</marc:subfield><marc:subfield code="0">Édite : </marc:subfield><marc:subfield code="3">13955531</marc:subfield><marc:subfield code="a">Elektra-Keia</marc:subfield></marc:datafield><marc:datafield tag="516" ind1=" " ind2=" "><marc:subfield code="5">z</marc:subfield><marc:subfield code="0">Édite : </marc:subfield><marc:subfield code="3">13955538</marc:subfield><marc:subfield code="a">Red Dot</marc:subfield></marc:datafield><marc:datafield tag="516" ind1=" " ind2=" "><marc:subfield code="5">z</marc:subfield><marc:subfield code="0">Édite : </marc:subfield><marc:subfield code="3">13955539</marc:subfield><marc:subfield code="a">Sire-Reprise-Maverick</marc:subfield></marc:datafield><marc:datafield tag="516" ind1=" " ind2=" "><marc:subfield code="5">z</marc:subfield><marc:subfield code="0">Édite : </marc:subfield><marc:subfield code="3">13873762</marc:subfield><marc:subfield code="a">Asylum records</marc:subfield></marc:datafield><marc:datafield tag="516" ind1=" " ind2=" "><marc:subfield code="5">z</marc:subfield><marc:subfield code="0">Édite : </marc:subfield><marc:subfield code="3">13876055</marc:subfield><marc:subfield code="a">Korova</marc:subfield></marc:datafield><marc:datafield tag="516" ind1=" " ind2=" "><marc:subfield code="5">z</marc:subfield><marc:subfield code="0">Édite : </marc:subfield><marc:subfield code="3">13876673</marc:subfield><marc:subfield code="a">Nonesuch</marc:subfield></marc:datafield><marc:datafield tag="516" ind1=" " ind2=" "><marc:subfield code="5">z</marc:subfield><marc:subfield code="0">Édite : </marc:subfield><marc:subfield code="3">13876788</marc:subfield><marc:subfield code="a">Paisley Park</marc:subfield></marc:datafield><marc:datafield tag="516" ind1=" " ind2=" "><marc:subfield code="5">z</marc:subfield><marc:subfield code="0">Édite : </marc:subfield><marc:subfield code="3">13877057</marc:subfield><marc:subfield code="a">Reprise-Qwest</marc:subfield></marc:datafield><marc:datafield tag="516" ind1=" " ind2=" "><marc:subfield code="5">z</marc:subfield><marc:subfield code="0">Édite : </marc:subfield><marc:subfield code="3">13875171</marc:subfield><marc:subfield code="a">Duck</marc:subfield></marc:datafield><marc:datafield tag="516" ind1=" " ind2=" "><marc:subfield code="5">z</marc:subfield><marc:subfield code="0">Édite : </marc:subfield><marc:subfield code="3">13876370</marc:subfield><marc:subfield code="a">Megaforce Worldwide</marc:subfield></marc:datafield><marc:datafield tag="516" ind1=" " ind2=" "><marc:subfield code="5">z</marc:subfield><marc:subfield code="0">Édite : </marc:subfield><marc:subfield code="3">13875705</marc:subfield><marc:subfield code="a">Interscope-Death Row</marc:subfield></marc:datafield><marc:datafield tag="516" ind1=" " ind2=" "><marc:subfield code="5">z</marc:subfield><marc:subfield code="0">Édite : </marc:subfield><marc:subfield code="3">13875707</marc:subfield><marc:subfield code="a">Atlantic-Big Beat</marc:subfield></marc:datafield><marc:datafield tag="516" ind1=" " ind2=" "><marc:subfield code="5">z</marc:subfield><marc:subfield code="0">Édite : </marc:subfield><marc:subfield code="3">13875724</marc:subfield><marc:subfield code="a">East West-Mammoth</marc:subfield></marc:datafield><marc:datafield tag="516" ind1=" " ind2=" "><marc:subfield code="5">z</marc:subfield><marc:subfield code="0">Édite : </marc:subfield><marc:subfield code="3">13875764</marc:subfield><marc:subfield code="a">East West-GMC</marc:subfield></marc:datafield><marc:datafield tag="516" ind1=" " ind2=" "><marc:subfield code="5">z</marc:subfield><marc:subfield code="0">Édite : </marc:subfield><marc:subfield code="3">13875767</marc:subfield><marc:subfield code="a">East West-Bronze</marc:subfield></marc:datafield><marc:datafield tag="516" ind1=" " ind2=" "><marc:subfield code="5">z</marc:subfield><marc:subfield code="0">Édite : </marc:subfield><marc:subfield code="3">13875769</marc:subfield><marc:subfield code="a">Waxworld</marc:subfield></marc:datafield><marc:datafield tag="516" ind1=" " ind2=" "><marc:subfield code="5">z</marc:subfield><marc:subfield code="0">Édite : </marc:subfield><marc:subfield code="3">13876405</marc:subfield><marc:subfield code="a">Reprise-Giant Step</marc:subfield></marc:datafield><marc:datafield tag="516" ind1=" " ind2=" "><marc:subfield code="5">z</marc:subfield><marc:subfield code="0">Édite : </marc:subfield><marc:subfield code="3">13876516</marc:subfield><marc:subfield code="a">Atlantic-IMS</marc:subfield></marc:datafield><marc:datafield tag="516" ind1=" " ind2=" "><marc:subfield code="5">z</marc:subfield><marc:subfield code="0">Édite : </marc:subfield><marc:subfield code="3">13876527</marc:subfield><marc:subfield code="a">Atlantic-Nelson Larkin</marc:subfield></marc:datafield><marc:datafield tag="516" ind1=" " ind2=" "><marc:subfield code="5">z</marc:subfield><marc:subfield code="0">Édite : </marc:subfield><marc:subfield code="3">13956045</marc:subfield><marc:subfield code="a">Atlantic Rhino</marc:subfield></marc:datafield><marc:datafield tag="516" ind1=" " ind2=" "><marc:subfield code="5">z</marc:subfield><marc:subfield code="0">Édite : </marc:subfield><marc:subfield code="3">13876537</marc:subfield><marc:subfield code="a">Rhino-Atco</marc:subfield></marc:datafield><marc:datafield tag="516" ind1=" " ind2=" "><marc:subfield code="5">z</marc:subfield><marc:subfield code="0">Édite : </marc:subfield><marc:subfield code="3">13876540</marc:subfield><marc:subfield code="a">Atlantic-Blitzz</marc:subfield></marc:datafield><marc:datafield tag="516" ind1=" " ind2=" "><marc:subfield code="5">z</marc:subfield><marc:subfield code="0">Édite : </marc:subfield><marc:subfield code="3">13964750</marc:subfield><marc:subfield code="a">WEA-Korova</marc:subfield></marc:datafield><marc:datafield tag="516" ind1=" " ind2=" "><marc:subfield code="5">z</marc:subfield><marc:subfield code="0">Édite : </marc:subfield><marc:subfield code="3">13876933</marc:subfield><marc:subfield code="a">WEA-Telegram-MVG</marc:subfield></marc:datafield><marc:datafield tag="516" ind1=" " ind2=" "><marc:subfield code="5">z</marc:subfield><marc:subfield code="0">Édite : </marc:subfield><marc:subfield code="3">13965018</marc:subfield><marc:subfield code="a">Elektra-Asylum</marc:subfield></marc:datafield><marc:datafield tag="516" ind1=" " ind2=" "><marc:subfield code="5">z</marc:subfield><marc:subfield code="0">Édite : </marc:subfield><marc:subfield code="3">13965530</marc:subfield><marc:subfield code="a">Spider</marc:subfield></marc:datafield><marc:datafield tag="516" ind1=" " ind2=" "><marc:subfield code="5">z</marc:subfield><marc:subfield code="0">Édite : </marc:subfield><marc:subfield code="3">13965593</marc:subfield><marc:subfield code="a">Magnet-Fxu</marc:subfield></marc:datafield><marc:datafield tag="516" ind1=" " ind2=" "><marc:subfield code="5">z</marc:subfield><marc:subfield code="0">Édite : </marc:subfield><marc:subfield code="3">13966128</marc:subfield><marc:subfield code="a">Wea-Mvg-Telegraph</marc:subfield></marc:datafield><marc:datafield tag="516" ind1=" " ind2=" "><marc:subfield code="5">z</marc:subfield><marc:subfield code="0">Édite : </marc:subfield><marc:subfield code="3">13877394</marc:subfield><marc:subfield code="a">East West America</marc:subfield></marc:datafield><marc:datafield tag="516" ind1=" " ind2=" "><marc:subfield code="5">z</marc:subfield><marc:subfield code="0">Édite : </marc:subfield><marc:subfield code="3">13877681</marc:subfield><marc:subfield code="a">East west-Delicious vinyl</marc:subfield></marc:datafield><marc:datafield tag="516" ind1=" " ind2=" "><marc:subfield code="5">z</marc:subfield><marc:subfield code="0">Édite : </marc:subfield><marc:subfield code="3">13877408</marc:subfield><marc:subfield code="a">Delicious vinyl</marc:subfield></marc:datafield><marc:datafield tag="516" ind1=" " ind2=" "><marc:subfield code="5">z</marc:subfield><marc:subfield code="0">Édite : </marc:subfield><marc:subfield code="3">13877711</marc:subfield><marc:subfield code="a">East west-Telegram</marc:subfield></marc:datafield><marc:datafield tag="516" ind1=" " ind2=" "><marc:subfield code="5">z</marc:subfield><marc:subfield code="0">Édite : </marc:subfield><marc:subfield code="3">13877409</marc:subfield><marc:subfield code="a">Atlantic-Big beat-Assault</marc:subfield></marc:datafield><marc:datafield tag="516" ind1=" " ind2=" "><marc:subfield code="5">z</marc:subfield><marc:subfield code="0">Édite : </marc:subfield><marc:subfield code="3">13877413</marc:subfield><marc:subfield code="a">Atlantic-Icon</marc:subfield></marc:datafield><marc:datafield tag="516" ind1=" " ind2=" "><marc:subfield code="5">z</marc:subfield><marc:subfield code="0">Édite : </marc:subfield><marc:subfield code="3">13877424</marc:subfield><marc:subfield code="a">Atlantic-Interscope-Tnt</marc:subfield></marc:datafield><marc:datafield tag="516" ind1=" " ind2=" "><marc:subfield code="5">z</marc:subfield><marc:subfield code="0">Édite : </marc:subfield><marc:subfield code="3">13877429</marc:subfield><marc:subfield code="a">Eye</marc:subfield></marc:datafield><marc:datafield tag="516" ind1=" " ind2=" "><marc:subfield code="5">z</marc:subfield><marc:subfield code="0">Édite : </marc:subfield><marc:subfield code="3">13877449</marc:subfield><marc:subfield code="a">Autarc</marc:subfield></marc:datafield><marc:datafield tag="516" ind1=" " ind2=" "><marc:subfield code="5">z</marc:subfield><marc:subfield code="0">Édite : </marc:subfield><marc:subfield code="3">13877454</marc:subfield><marc:subfield code="a">Dro</marc:subfield></marc:datafield><marc:datafield tag="516" ind1=" " ind2=" "><marc:subfield code="5">z</marc:subfield><marc:subfield code="0">Édite : </marc:subfield><marc:subfield code="3">13877616</marc:subfield><marc:subfield code="a">China-Psycho</marc:subfield></marc:datafield><marc:datafield tag="516" ind1=" " ind2=" "><marc:subfield code="5">z</marc:subfield><marc:subfield code="0">Édite : </marc:subfield><marc:subfield code="3">13877627</marc:subfield><marc:subfield code="a">Elektra-Mötley</marc:subfield></marc:datafield><marc:datafield tag="516" ind1=" " ind2=" "><marc:subfield code="5">z</marc:subfield><marc:subfield code="0">Édite : </marc:subfield><marc:subfield code="3">13967944</marc:subfield><marc:subfield code="a">East West-Tommy Boy</marc:subfield></marc:datafield><marc:datafield tag="516" ind1=" " ind2=" "><marc:subfield code="5">z</marc:subfield><marc:subfield code="0">Édite : </marc:subfield><marc:subfield code="3">13967985</marc:subfield><marc:subfield code="a">East West-Code blue</marc:subfield></marc:datafield><marc:datafield tag="516" ind1=" " ind2=" "><marc:subfield code="5">z</marc:subfield><marc:subfield code="0">Édite : </marc:subfield><marc:subfield code="3">13967990</marc:subfield><marc:subfield code="a">Atlantic-Interscope-Nothing</marc:subfield></marc:datafield><marc:datafield tag="516" ind1=" " ind2=" "><marc:subfield code="5">z</marc:subfield><marc:subfield code="0">Édite : </marc:subfield><marc:subfield code="3">13957208</marc:subfield><marc:subfield code="a">Eye Q</marc:subfield></marc:datafield><marc:datafield tag="516" ind1=" " ind2=" "><marc:subfield code="5">z</marc:subfield><marc:subfield code="0">Édite : </marc:subfield><marc:subfield code="3">13968220</marc:subfield><marc:subfield code="a">WB-Western</marc:subfield></marc:datafield><marc:datafield tag="516" ind1=" " ind2=" "><marc:subfield code="5">z</marc:subfield><marc:subfield code="0">Édite : </marc:subfield><marc:subfield code="3">13877233</marc:subfield><marc:subfield code="a">Atlantic-Interscope-ZTT</marc:subfield></marc:datafield><marc:datafield tag="516" ind1=" " ind2=" "><marc:subfield code="5">z</marc:subfield><marc:subfield code="0">Édite : </marc:subfield><marc:subfield code="3">13969345</marc:subfield><marc:subfield code="a">Eastern Bloc</marc:subfield></marc:datafield><marc:datafield tag="516" ind1=" " ind2=" "><marc:subfield code="5">z</marc:subfield><marc:subfield code="0">Édite : </marc:subfield><marc:subfield code="3">13877262</marc:subfield><marc:subfield code="a">Atlantic-Interscope-Noise amphetamine reptile</marc:subfield></marc:datafield><marc:datafield tag="516" ind1=" " ind2=" "><marc:subfield code="5">z</marc:subfield><marc:subfield code="0">Édite : </marc:subfield><marc:subfield code="3">13969371</marc:subfield><marc:subfield code="a">Atlantic-Mammoth</marc:subfield></marc:datafield><marc:datafield tag="516" ind1=" " ind2=" "><marc:subfield code="5">z</marc:subfield><marc:subfield code="0">Édite : </marc:subfield><marc:subfield code="3">13969372</marc:subfield><marc:subfield code="a">East West-Trevel</marc:subfield></marc:datafield><marc:datafield tag="516" ind1=" " ind2=" "><marc:subfield code="5">z</marc:subfield><marc:subfield code="0">Édite : </marc:subfield><marc:subfield code="3">13969373</marc:subfield><marc:subfield code="a">Atlantic-North South</marc:subfield></marc:datafield><marc:datafield tag="516" ind1=" " ind2=" "><marc:subfield code="5">z</marc:subfield><marc:subfield code="0">Édite : </marc:subfield><marc:subfield code="3">13877299</marc:subfield><marc:subfield code="7">ba0yba0y</marc:subfield><marc:subfield code="8">fre   </marc:subfield><marc:subfield code="a">East West-CGD</marc:subfield></marc:datafield><marc:datafield tag="516" ind1=" " ind2=" "><marc:subfield code="5">z</marc:subfield><marc:subfield code="0">Édite : </marc:subfield><marc:subfield code="3">13964073</marc:subfield><marc:subfield code="a">Atlantic-143</marc:subfield></marc:datafield><marc:datafield tag="516" ind1=" " ind2=" "><marc:subfield code="5">z</marc:subfield><marc:subfield code="0">Édite : </marc:subfield><marc:subfield code="3">13969782</marc:subfield><marc:subfield code="a">Matador</marc:subfield></marc:datafield><marc:datafield tag="516" ind1=" " ind2=" "><marc:subfield code="5">z</marc:subfield><marc:subfield code="0">Édite : </marc:subfield><marc:subfield code="3">13970497</marc:subfield><marc:subfield code="a">Reprise-Qwest-Joke</marc:subfield></marc:datafield><marc:datafield tag="516" ind1=" " ind2=" "><marc:subfield code="5">z</marc:subfield><marc:subfield code="0">Édite : </marc:subfield><marc:subfield code="3">13875244</marc:subfield><marc:subfield code="a">Elektra-Musician</marc:subfield></marc:datafield><marc:datafield tag="516" ind1=" " ind2=" "><marc:subfield code="5">z</marc:subfield><marc:subfield code="0">Édite : </marc:subfield><marc:subfield code="3">13971550</marc:subfield><marc:subfield code="a">China-Equation</marc:subfield></marc:datafield><marc:datafield tag="516" ind1=" " ind2=" "><marc:subfield code="5">z</marc:subfield><marc:subfield code="0">Édite : </marc:subfield><marc:subfield code="3">13971551</marc:subfield><marc:subfield code="a">WB-Unplugged</marc:subfield></marc:datafield><marc:datafield tag="516" ind1=" " ind2=" "><marc:subfield code="5">z</marc:subfield><marc:subfield code="0">Édite : </marc:subfield><marc:subfield code="3">13927107</marc:subfield><marc:subfield code="a">Atlantic-Anthem</marc:subfield></marc:datafield><marc:datafield tag="516" ind1=" " ind2=" "><marc:subfield code="5">z</marc:subfield><marc:subfield code="0">Édite : </marc:subfield><marc:subfield code="3">13971561</marc:subfield><marc:subfield code="a">WEA-Spacejunk</marc:subfield></marc:datafield><marc:datafield tag="516" ind1=" " ind2=" "><marc:subfield code="5">z</marc:subfield><marc:subfield code="0">Édite : </marc:subfield><marc:subfield code="3">13972422</marc:subfield><marc:subfield code="a">Atlantic-Big Screen</marc:subfield></marc:datafield><marc:datafield tag="516" ind1=" " ind2=" "><marc:subfield code="5">z</marc:subfield><marc:subfield code="0">Édite : </marc:subfield><marc:subfield code="3">13974629</marc:subfield><marc:subfield code="a">Atlantic-Interscope-Trauma</marc:subfield></marc:datafield><marc:datafield tag="516" ind1=" " ind2=" "><marc:subfield code="5">z</marc:subfield><marc:subfield code="0">Édite : </marc:subfield><marc:subfield code="3">13974630</marc:subfield><marc:subfield code="a">East West-Mecca Don</marc:subfield></marc:datafield><marc:datafield tag="516" ind1=" " ind2=" "><marc:subfield code="5">z</marc:subfield><marc:subfield code="0">Édite : </marc:subfield><marc:subfield code="3">13974635</marc:subfield><marc:subfield code="a">Atlantic-East West-Mo Jam</marc:subfield></marc:datafield><marc:datafield tag="516" ind1=" " ind2=" "><marc:subfield code="5">z</marc:subfield><marc:subfield code="0">Édite : </marc:subfield><marc:subfield code="3">13974639</marc:subfield><marc:subfield code="a">Atlantic-Select</marc:subfield></marc:datafield><marc:datafield tag="516" ind1=" " ind2=" "><marc:subfield code="5">z</marc:subfield><marc:subfield code="0">Édite : </marc:subfield><marc:subfield code="3">13975042</marc:subfield><marc:subfield code="a">East West-MVG</marc:subfield></marc:datafield><marc:datafield tag="516" ind1=" " ind2=" "><marc:subfield code="5">z</marc:subfield><marc:subfield code="0">Édite : </marc:subfield><marc:subfield code="3">13975360</marc:subfield><marc:subfield code="a">Elektra-Swell</marc:subfield></marc:datafield><marc:datafield tag="516" ind1=" " ind2=" "><marc:subfield code="5">z</marc:subfield><marc:subfield code="0">Édite : </marc:subfield><marc:subfield code="3">13975363</marc:subfield><marc:subfield code="a">Sire-Maverick-Lifestyles</marc:subfield></marc:datafield><marc:datafield tag="516" ind1=" " ind2=" "><marc:subfield code="5">z</marc:subfield><marc:subfield code="0">Édite : </marc:subfield><marc:subfield code="3">13975406</marc:subfield><marc:subfield code="a">Labello</marc:subfield></marc:datafield><marc:datafield tag="516" ind1=" " ind2=" "><marc:subfield code="5">z</marc:subfield><marc:subfield code="0">Édite : </marc:subfield><marc:subfield code="3">13975407</marc:subfield><marc:subfield code="a">Icon</marc:subfield></marc:datafield><marc:datafield tag="516" ind1=" " ind2=" "><marc:subfield code="5">z</marc:subfield><marc:subfield code="0">Édite : </marc:subfield><marc:subfield code="3">13975408</marc:subfield><marc:subfield code="a">East West-Skene</marc:subfield></marc:datafield><marc:datafield tag="516" ind1=" " ind2=" "><marc:subfield code="5">z</marc:subfield><marc:subfield code="0">Édite : </marc:subfield><marc:subfield code="3">13976390</marc:subfield><marc:subfield code="a">WB-Graphics</marc:subfield></marc:datafield><marc:datafield tag="516" ind1=" " ind2=" "><marc:subfield code="5">z</marc:subfield><marc:subfield code="0">Édite : </marc:subfield><marc:subfield code="3">13976590</marc:subfield><marc:subfield code="a">WEA-N Gram</marc:subfield></marc:datafield><marc:datafield tag="516" ind1=" " ind2=" "><marc:subfield code="5">z</marc:subfield><marc:subfield code="0">Édite : </marc:subfield><marc:subfield code="3">13976625</marc:subfield><marc:subfield code="a">Atlantic-Rising Storm</marc:subfield></marc:datafield><marc:datafield tag="516" ind1=" " ind2=" "><marc:subfield code="5">z</marc:subfield><marc:subfield code="0">Édite : </marc:subfield><marc:subfield code="3">13976642</marc:subfield><marc:subfield code="a">Interscope-Trauma</marc:subfield></marc:datafield><marc:datafield tag="516" ind1=" " ind2=" "><marc:subfield code="5">z</marc:subfield><marc:subfield code="0">Édite : </marc:subfield><marc:subfield code="3">13977305</marc:subfield><marc:subfield code="a">Atlantic-Celtic Heartbeat</marc:subfield></marc:datafield><marc:datafield tag="516" ind1=" " ind2=" "><marc:subfield code="5">z</marc:subfield><marc:subfield code="0">Édite : </marc:subfield><marc:subfield code="3">13977460</marc:subfield><marc:subfield code="a">Atlantic-East West</marc:subfield></marc:datafield><marc:datafield tag="516" ind1=" " ind2=" "><marc:subfield code="5">z</marc:subfield><marc:subfield code="0">Édite : </marc:subfield><marc:subfield code="3">13977461</marc:subfield><marc:subfield code="a">East West-Flaw</marc:subfield></marc:datafield><marc:datafield tag="516" ind1=" " ind2=" "><marc:subfield code="5">z</marc:subfield><marc:subfield code="0">Édite : </marc:subfield><marc:subfield code="3">13977484</marc:subfield><marc:subfield code="a">East West-Perfecto</marc:subfield></marc:datafield><marc:datafield tag="516" ind1=" " ind2=" "><marc:subfield code="5">z</marc:subfield><marc:subfield code="0">Édite : </marc:subfield><marc:subfield code="3">13977526</marc:subfield><marc:subfield code="a">Atco-Modern</marc:subfield></marc:datafield><marc:datafield tag="516" ind1=" " ind2=" "><marc:subfield code="5">z</marc:subfield><marc:subfield code="0">Édite : </marc:subfield><marc:subfield code="3">13977702</marc:subfield><marc:subfield code="a">Reprise Archives</marc:subfield></marc:datafield><marc:datafield tag="516" ind1=" " ind2=" "><marc:subfield code="5">z</marc:subfield><marc:subfield code="0">Édite : </marc:subfield><marc:subfield code="3">13875436</marc:subfield><marc:subfield code="a">Finlandia</marc:subfield></marc:datafield><marc:datafield tag="516" ind1=" " ind2=" "><marc:subfield code="5">z</marc:subfield><marc:subfield code="0">Édite : </marc:subfield><marc:subfield code="3">13876552</marc:subfield><marc:subfield code="a">Musicraft</marc:subfield></marc:datafield><marc:datafield tag="516" ind1=" " ind2=" "><marc:subfield code="5">z</marc:subfield><marc:subfield code="0">Édite : </marc:subfield><marc:subfield code="3">13978307</marc:subfield><marc:subfield code="a">Maverick-Reprise</marc:subfield></marc:datafield><marc:datafield tag="516" ind1=" " ind2=" "><marc:subfield code="5">z</marc:subfield><marc:subfield code="0">Édite : </marc:subfield><marc:subfield code="3">13978313</marc:subfield><marc:subfield code="a">Squint</marc:subfield></marc:datafield><marc:datafield tag="516" ind1=" " ind2=" "><marc:subfield code="5">z</marc:subfield><marc:subfield code="0">Édite : </marc:subfield><marc:subfield code="3">13977457</marc:subfield><marc:subfield code="a">East West-Orlando</marc:subfield></marc:datafield><marc:datafield tag="516" ind1=" " ind2=" "><marc:subfield code="5">z</marc:subfield><marc:subfield code="0">Édite : </marc:subfield><marc:subfield code="3">13974652</marc:subfield><marc:subfield code="a">Public Demand</marc:subfield></marc:datafield><marc:datafield tag="516" ind1=" " ind2=" "><marc:subfield code="5">z</marc:subfield><marc:subfield code="0">Édite : </marc:subfield><marc:subfield code="3">13875129</marc:subfield><marc:subfield code="a">Discovery</marc:subfield></marc:datafield><marc:datafield tag="516" ind1=" " ind2=" "><marc:subfield code="5">z</marc:subfield><marc:subfield code="0">Édite : </marc:subfield><marc:subfield code="3">13952909</marc:subfield><marc:subfield code="a">Debut</marc:subfield></marc:datafield><marc:datafield tag="516" ind1=" " ind2=" "><marc:subfield code="5">z</marc:subfield><marc:subfield code="0">Édite : </marc:subfield><marc:subfield code="3">13875554</marc:subfield><marc:subfield code="a">Galaxy</marc:subfield></marc:datafield><marc:datafield tag="516" ind1=" " ind2=" "><marc:subfield code="5">z</marc:subfield><marc:subfield code="0">Édite : </marc:subfield><marc:subfield code="3">13936493</marc:subfield><marc:subfield code="a">Ars</marc:subfield></marc:datafield><marc:datafield tag="516" ind1=" " ind2=" "><marc:subfield code="5">z</marc:subfield><marc:subfield code="0">Édite : </marc:subfield><marc:subfield code="3">13977699</marc:subfield><marc:subfield code="a">Downbeat</marc:subfield></marc:datafield><marc:datafield tag="516" ind1=" " ind2=" "><marc:subfield code="5">z</marc:subfield><marc:subfield code="0">Édite : </marc:subfield><marc:subfield code="3">13979232</marc:subfield><marc:subfield code="a">Atlantic-Tag</marc:subfield></marc:datafield><marc:datafield tag="516" ind1=" " ind2=" "><marc:subfield code="5">z</marc:subfield><marc:subfield code="0">Édite : </marc:subfield><marc:subfield code="3">13979356</marc:subfield><marc:subfield code="a">Atlantic-Interscope-Lexington House</marc:subfield></marc:datafield><marc:datafield tag="516" ind1=" " ind2=" "><marc:subfield code="5">z</marc:subfield><marc:subfield code="0">Édite : </marc:subfield><marc:subfield code="3">13979402</marc:subfield><marc:subfield code="a">East West-Blanco Y Negro</marc:subfield></marc:datafield><marc:datafield tag="516" ind1=" " ind2=" "><marc:subfield code="5">z</marc:subfield><marc:subfield code="0">Édite : </marc:subfield><marc:subfield code="3">13979403</marc:subfield><marc:subfield code="a">East West-Atlantic &amp; Atco-Rhino</marc:subfield></marc:datafield><marc:datafield tag="516" ind1=" " ind2=" "><marc:subfield code="5">z</marc:subfield><marc:subfield code="0">Édite : </marc:subfield><marc:subfield code="3">13979404</marc:subfield><marc:subfield code="a">Atlantic-Island</marc:subfield></marc:datafield><marc:datafield tag="516" ind1=" " ind2=" "><marc:subfield code="5">z</marc:subfield><marc:subfield code="0">Édite : </marc:subfield><marc:subfield code="3">13979407</marc:subfield><marc:subfield code="a">East West-Geto Groove</marc:subfield></marc:datafield><marc:datafield tag="516" ind1=" " ind2=" "><marc:subfield code="5">z</marc:subfield><marc:subfield code="0">Édite : </marc:subfield><marc:subfield code="3">13979408</marc:subfield><marc:subfield code="a">Atlantic-Fox</marc:subfield></marc:datafield><marc:datafield tag="516" ind1=" " ind2=" "><marc:subfield code="5">z</marc:subfield><marc:subfield code="0">Édite : </marc:subfield><marc:subfield code="3">13977481</marc:subfield><marc:subfield code="a">Continental</marc:subfield></marc:datafield><marc:datafield tag="516" ind1=" " ind2=" "><marc:subfield code="5">z</marc:subfield><marc:subfield code="0">Édite : </marc:subfield><marc:subfield code="3">13980213</marc:subfield><marc:subfield code="a">Maad-Dance Syndicate</marc:subfield></marc:datafield><marc:datafield tag="516" ind1=" " ind2=" "><marc:subfield code="5">z</marc:subfield><marc:subfield code="0">Édite : </marc:subfield><marc:subfield code="3">13980214</marc:subfield><marc:subfield code="a">WB-Maverick</marc:subfield></marc:datafield><marc:datafield tag="516" ind1=" " ind2=" "><marc:subfield code="5">z</marc:subfield><marc:subfield code="0">Édite : </marc:subfield><marc:subfield code="3">13980222</marc:subfield><marc:subfield code="a">Nonesuch-Roxbury</marc:subfield></marc:datafield><marc:datafield tag="516" ind1=" " ind2=" "><marc:subfield code="5">z</marc:subfield><marc:subfield code="0">Édite : </marc:subfield><marc:subfield code="3">13980227</marc:subfield><marc:subfield code="a">WEA-Dig it International-Eternal</marc:subfield></marc:datafield><marc:datafield tag="516" ind1=" " ind2=" "><marc:subfield code="5">z</marc:subfield><marc:subfield code="0">Édite : </marc:subfield><marc:subfield code="3">13980228</marc:subfield><marc:subfield code="a">WB-Upstairs</marc:subfield></marc:datafield><marc:datafield tag="516" ind1=" " ind2=" "><marc:subfield code="5">z</marc:subfield><marc:subfield code="0">Édite : </marc:subfield><marc:subfield code="3">13981404</marc:subfield><marc:subfield code="a">WB-Metal Blade</marc:subfield></marc:datafield><marc:datafield tag="516" ind1=" " ind2=" "><marc:subfield code="5">z</marc:subfield><marc:subfield code="0">Édite : </marc:subfield><marc:subfield code="3">13981461</marc:subfield><marc:subfield code="a">WEA-Club Culture</marc:subfield></marc:datafield><marc:datafield tag="516" ind1=" " ind2=" "><marc:subfield code="5">z</marc:subfield><marc:subfield code="0">Édite : </marc:subfield><marc:subfield code="3">13931373</marc:subfield><marc:subfield code="a">Musifrance</marc:subfield></marc:datafield><marc:datafield tag="516" ind1=" " ind2=" "><marc:subfield code="5">z</marc:subfield><marc:subfield code="0">Édite : </marc:subfield><marc:subfield code="3">13982678</marc:subfield><marc:subfield code="a">Warner Bros-Nonesuch</marc:subfield></marc:datafield><marc:datafield tag="516" ind1=" " ind2=" "><marc:subfield code="5">z</marc:subfield><marc:subfield code="0">Édite : </marc:subfield><marc:subfield code="3">13982682</marc:subfield><marc:subfield code="a">WEA-Warner Music Brasil</marc:subfield></marc:datafield><marc:datafield tag="516" ind1=" " ind2=" "><marc:subfield code="5">z</marc:subfield><marc:subfield code="0">Édite : </marc:subfield><marc:subfield code="3">13982766</marc:subfield><marc:subfield code="a">Warner Bros-Malpaso</marc:subfield></marc:datafield><marc:datafield tag="516" ind1=" " ind2=" "><marc:subfield code="5">z</marc:subfield><marc:subfield code="0">Édite : </marc:subfield><marc:subfield code="3">13982801</marc:subfield><marc:subfield code="a">East West-Autarc</marc:subfield></marc:datafield><marc:datafield tag="516" ind1=" " ind2=" "><marc:subfield code="5">z</marc:subfield><marc:subfield code="0">Édite : </marc:subfield><marc:subfield code="3">13982803</marc:subfield><marc:subfield code="a">East West-Elektra</marc:subfield></marc:datafield><marc:datafield tag="516" ind1=" " ind2=" "><marc:subfield code="5">z</marc:subfield><marc:subfield code="0">Édite : </marc:subfield><marc:subfield code="3">13982804</marc:subfield><marc:subfield code="a">East West-DRO</marc:subfield></marc:datafield><marc:datafield tag="516" ind1=" " ind2=" "><marc:subfield code="5">z</marc:subfield><marc:subfield code="0">Édite : </marc:subfield><marc:subfield code="3">13982805</marc:subfield><marc:subfield code="a">Labello-PWL</marc:subfield></marc:datafield><marc:datafield tag="516" ind1=" " ind2=" "><marc:subfield code="5">z</marc:subfield><marc:subfield code="0">Édite : </marc:subfield><marc:subfield code="3">13982821</marc:subfield><marc:subfield code="a">Acid Jazz-Roots</marc:subfield></marc:datafield><marc:datafield tag="516" ind1=" " ind2=" "><marc:subfield code="5">z</marc:subfield><marc:subfield code="0">Édite : </marc:subfield><marc:subfield code="3">13982822</marc:subfield><marc:subfield code="a">Acid Jazz-East West</marc:subfield></marc:datafield><marc:datafield tag="516" ind1=" " ind2=" "><marc:subfield code="5">z</marc:subfield><marc:subfield code="0">Édite : </marc:subfield><marc:subfield code="3">13982823</marc:subfield><marc:subfield code="7">ba0yba0y</marc:subfield><marc:subfield code="8">fre   </marc:subfield><marc:subfield code="a">Lava</marc:subfield></marc:datafield><marc:datafield tag="516" ind1=" " ind2=" "><marc:subfield code="5">z</marc:subfield><marc:subfield code="0">Édite : </marc:subfield><marc:subfield code="3">13876369</marc:subfield><marc:subfield code="7">ba0yba0y</marc:subfield><marc:subfield code="8">fre   </marc:subfield><marc:subfield code="a">Mega</marc:subfield><marc:subfield code="c">Danemark</marc:subfield></marc:datafield><marc:datafield tag="516" ind1=" " ind2=" "><marc:subfield code="5">z</marc:subfield><marc:subfield code="0">Édite : </marc:subfield><marc:subfield code="3">13975365</marc:subfield><marc:subfield code="a">Embryo</marc:subfield></marc:datafield><marc:datafield tag="516" ind1=" " ind2=" "><marc:subfield code="5">z</marc:subfield><marc:subfield code="0">Édite : </marc:subfield><marc:subfield code="3">13984393</marc:subfield><marc:subfield code="a">Downbeat jungle</marc:subfield></marc:datafield><marc:datafield tag="516" ind1=" " ind2=" "><marc:subfield code="5">z</marc:subfield><marc:subfield code="0">Édite : </marc:subfield><marc:subfield code="3">13984524</marc:subfield><marc:subfield code="a">Mega-Smart</marc:subfield></marc:datafield><marc:datafield tag="516" ind1=" " ind2=" "><marc:subfield code="5">z</marc:subfield><marc:subfield code="0">Édite : </marc:subfield><marc:subfield code="3">13984556</marc:subfield><marc:subfield code="a">Warner Bros-NPG</marc:subfield></marc:datafield><marc:datafield tag="516" ind1=" " ind2=" "><marc:subfield code="5">z</marc:subfield><marc:subfield code="0">Édite : </marc:subfield><marc:subfield code="3">13984558</marc:subfield><marc:subfield code="a">Elektra-Wu Tang</marc:subfield></marc:datafield><marc:datafield tag="516" ind1=" " ind2=" "><marc:subfield code="5">z</marc:subfield><marc:subfield code="0">Édite : </marc:subfield><marc:subfield code="3">13984560</marc:subfield><marc:subfield code="a">WEA-Roslan Aziz</marc:subfield></marc:datafield><marc:datafield tag="516" ind1=" " ind2=" "><marc:subfield code="5">z</marc:subfield><marc:subfield code="0">Édite : </marc:subfield><marc:subfield code="3">13988661</marc:subfield><marc:subfield code="a">Dali</marc:subfield></marc:datafield><marc:datafield tag="516" ind1=" " ind2=" "><marc:subfield code="5">z</marc:subfield><marc:subfield code="0">Édite : </marc:subfield><marc:subfield code="3">13989573</marc:subfield><marc:subfield code="a">Wea-Ferocious</marc:subfield></marc:datafield><marc:datafield tag="516" ind1=" " ind2=" "><marc:subfield code="5">z</marc:subfield><marc:subfield code="0">Édite : </marc:subfield><marc:subfield code="3">13989581</marc:subfield><marc:subfield code="a">Premeditated</marc:subfield></marc:datafield><marc:datafield tag="516" ind1=" " ind2=" "><marc:subfield code="5">z</marc:subfield><marc:subfield code="0">Édite : </marc:subfield><marc:subfield code="3">13989603</marc:subfield><marc:subfield code="a">Club Culture</marc:subfield></marc:datafield><marc:datafield tag="516" ind1=" " ind2=" "><marc:subfield code="5">z</marc:subfield><marc:subfield code="0">Édite : </marc:subfield><marc:subfield code="3">13989680</marc:subfield><marc:subfield code="a">Stax-Enterprise</marc:subfield></marc:datafield><marc:datafield tag="516" ind1=" " ind2=" "><marc:subfield code="5">z</marc:subfield><marc:subfield code="0">Édite : </marc:subfield><marc:subfield code="3">13989682</marc:subfield><marc:subfield code="a">Atlantic-Lava-143</marc:subfield></marc:datafield><marc:datafield tag="516" ind1=" " ind2=" "><marc:subfield code="5">z</marc:subfield><marc:subfield code="0">Édite : </marc:subfield><marc:subfield code="3">13989739</marc:subfield><marc:subfield code="a">Premeditated-Iceberg</marc:subfield></marc:datafield><marc:datafield tag="516" ind1=" " ind2=" "><marc:subfield code="5">z</marc:subfield><marc:subfield code="0">Édite : </marc:subfield><marc:subfield code="3">13948157</marc:subfield><marc:subfield code="a">Wea-ufo</marc:subfield></marc:datafield><marc:datafield tag="516" ind1=" " ind2=" "><marc:subfield code="5">z</marc:subfield><marc:subfield code="0">Édite : </marc:subfield><marc:subfield code="3">13989747</marc:subfield><marc:subfield code="a">Warner Bros-Curb</marc:subfield></marc:datafield><marc:datafield tag="516" ind1=" " ind2=" "><marc:subfield code="5">z</marc:subfield><marc:subfield code="0">Édite : </marc:subfield><marc:subfield code="3">13989933</marc:subfield><marc:subfield code="a">Dig it international</marc:subfield></marc:datafield><marc:datafield tag="516" ind1=" " ind2=" "><marc:subfield code="5">z</marc:subfield><marc:subfield code="0">Édite : </marc:subfield><marc:subfield code="3">13878160</marc:subfield><marc:subfield code="a">WEA-Mambo</marc:subfield></marc:datafield><marc:datafield tag="516" ind1=" " ind2=" "><marc:subfield code="5">z</marc:subfield><marc:subfield code="0">Édite : </marc:subfield><marc:subfield code="3">13992107</marc:subfield><marc:subfield code="a">Elektra-Violator-Flipmode</marc:subfield></marc:datafield><marc:datafield tag="516" ind1=" " ind2=" "><marc:subfield code="5">z</marc:subfield><marc:subfield code="0">Édite : </marc:subfield><marc:subfield code="3">13992151</marc:subfield><marc:subfield code="a">East West-Flavour unit</marc:subfield></marc:datafield><marc:datafield tag="516" ind1=" " ind2=" "><marc:subfield code="5">z</marc:subfield><marc:subfield code="0">Édite : </marc:subfield><marc:subfield code="3">13992155</marc:subfield><marc:subfield code="a">Harthouse</marc:subfield></marc:datafield><marc:datafield tag="516" ind1=" " ind2=" "><marc:subfield code="5">z</marc:subfield><marc:subfield code="0">Édite : </marc:subfield><marc:subfield code="3">13992156</marc:subfield><marc:subfield code="a">77 Productions-East West</marc:subfield></marc:datafield><marc:datafield tag="516" ind1=" " ind2=" "><marc:subfield code="5">z</marc:subfield><marc:subfield code="0">Édite : </marc:subfield><marc:subfield code="3">13992158</marc:subfield><marc:subfield code="a">Atlantic-Big Beat-Nature</marc:subfield></marc:datafield><marc:datafield tag="516" ind1=" " ind2=" "><marc:subfield code="5">z</marc:subfield><marc:subfield code="0">Édite : </marc:subfield><marc:subfield code="3">13992842</marc:subfield><marc:subfield code="a">Umd</marc:subfield></marc:datafield><marc:datafield tag="516" ind1=" " ind2=" "><marc:subfield code="5">z</marc:subfield><marc:subfield code="0">Édite : </marc:subfield><marc:subfield code="3">13992885</marc:subfield><marc:subfield code="a">WB-Tattoo</marc:subfield></marc:datafield><marc:datafield tag="516" ind1=" " ind2=" "><marc:subfield code="5">z</marc:subfield><marc:subfield code="0">Édite : </marc:subfield><marc:subfield code="3">13994200</marc:subfield><marc:subfield code="a">Elektra-Marvelous</marc:subfield></marc:datafield><marc:datafield tag="516" ind1=" " ind2=" "><marc:subfield code="5">z</marc:subfield><marc:subfield code="0">Édite : </marc:subfield><marc:subfield code="3">13994547</marc:subfield><marc:subfield code="a">Atlantic-Young Black Brotha</marc:subfield></marc:datafield><marc:datafield tag="516" ind1=" " ind2=" "><marc:subfield code="5">z</marc:subfield><marc:subfield code="0">Édite : </marc:subfield><marc:subfield code="3">13995678</marc:subfield><marc:subfield code="a">WB-Quilombo</marc:subfield></marc:datafield><marc:datafield tag="516" ind1=" " ind2=" "><marc:subfield code="5">z</marc:subfield><marc:subfield code="0">Édite : </marc:subfield><marc:subfield code="3">13995687</marc:subfield><marc:subfield code="a">Tag-Igloo</marc:subfield></marc:datafield><marc:datafield tag="516" ind1=" " ind2=" "><marc:subfield code="5">z</marc:subfield><marc:subfield code="0">Édite : </marc:subfield><marc:subfield code="3">13995692</marc:subfield><marc:subfield code="a">Atlantic-Be!</marc:subfield></marc:datafield><marc:datafield tag="516" ind1=" " ind2=" "><marc:subfield code="5">z</marc:subfield><marc:subfield code="0">Édite : </marc:subfield><marc:subfield code="3">13995724</marc:subfield><marc:subfield code="a">East West-FPM</marc:subfield></marc:datafield><marc:datafield tag="516" ind1=" " ind2=" "><marc:subfield code="5">z</marc:subfield><marc:subfield code="0">Édite : </marc:subfield><marc:subfield code="3">13995734</marc:subfield><marc:subfield code="a">Atlantic-Code Blue</marc:subfield></marc:datafield><marc:datafield tag="516" ind1=" " ind2=" "><marc:subfield code="5">z</marc:subfield><marc:subfield code="0">Édite : </marc:subfield><marc:subfield code="3">13995736</marc:subfield><marc:subfield code="a">Atlantic Classics</marc:subfield></marc:datafield><marc:datafield tag="516" ind1=" " ind2=" "><marc:subfield code="5">z</marc:subfield><marc:subfield code="0">Édite : </marc:subfield><marc:subfield code="3">13996112</marc:subfield><marc:subfield code="a">WEA-Downbeat</marc:subfield></marc:datafield><marc:datafield tag="516" ind1=" " ind2=" "><marc:subfield code="5">z</marc:subfield><marc:subfield code="0">Édite : </marc:subfield><marc:subfield code="3">13996119</marc:subfield><marc:subfield code="a">Vapor</marc:subfield></marc:datafield><marc:datafield tag="516" ind1=" " ind2=" "><marc:subfield code="5">z</marc:subfield><marc:subfield code="0">Édite : </marc:subfield><marc:subfield code="3">13996120</marc:subfield><marc:subfield code="a">WB-Black music-ol&apos;skool</marc:subfield></marc:datafield><marc:datafield tag="516" ind1=" " ind2=" "><marc:subfield code="5">z</marc:subfield><marc:subfield code="0">Édite : </marc:subfield><marc:subfield code="3">13996143</marc:subfield><marc:subfield code="a">Different Drummer</marc:subfield></marc:datafield><marc:datafield tag="516" ind1=" " ind2=" "><marc:subfield code="5">z</marc:subfield><marc:subfield code="0">Édite : </marc:subfield><marc:subfield code="3">13996686</marc:subfield><marc:subfield code="a">Squad</marc:subfield></marc:datafield><marc:datafield tag="516" ind1=" " ind2=" "><marc:subfield code="5">z</marc:subfield><marc:subfield code="0">Édite : </marc:subfield><marc:subfield code="3">13996687</marc:subfield><marc:subfield code="a">Ermit</marc:subfield></marc:datafield><marc:datafield tag="516" ind1=" " ind2=" "><marc:subfield code="5">z</marc:subfield><marc:subfield code="0">Édite : </marc:subfield><marc:subfield code="3">13998110</marc:subfield><marc:subfield code="a">Warner Bros-Imago</marc:subfield></marc:datafield><marc:datafield tag="516" ind1=" " ind2=" "><marc:subfield code="5">z</marc:subfield><marc:subfield code="0">Édite : </marc:subfield><marc:subfield code="3">13998131</marc:subfield><marc:subfield code="a">WEA-Swe Mix</marc:subfield></marc:datafield><marc:datafield tag="516" ind1=" " ind2=" "><marc:subfield code="5">z</marc:subfield><marc:subfield code="0">Édite : </marc:subfield><marc:subfield code="3">13998388</marc:subfield><marc:subfield code="a">Atlantic-Holiday</marc:subfield></marc:datafield><marc:datafield tag="516" ind1=" " ind2=" "><marc:subfield code="5">z</marc:subfield><marc:subfield code="0">Édite : </marc:subfield><marc:subfield code="3">13999097</marc:subfield><marc:subfield code="a">Warner Sunset</marc:subfield></marc:datafield><marc:datafield tag="516" ind1=" " ind2=" "><marc:subfield code="5">z</marc:subfield><marc:subfield code="0">Édite : </marc:subfield><marc:subfield code="3">13999275</marc:subfield><marc:subfield code="a">East West-Henry Productions</marc:subfield></marc:datafield><marc:datafield tag="516" ind1=" " ind2=" "><marc:subfield code="5">z</marc:subfield><marc:subfield code="0">Édite : </marc:subfield><marc:subfield code="3">14002440</marc:subfield><marc:subfield code="a">Telegram</marc:subfield></marc:datafield><marc:datafield tag="516" ind1=" " ind2=" "><marc:subfield code="5">z</marc:subfield><marc:subfield code="0">Édite : </marc:subfield><marc:subfield code="3">14002457</marc:subfield><marc:subfield code="a">Round</marc:subfield></marc:datafield><marc:datafield tag="516" ind1=" " ind2=" "><marc:subfield code="5">z</marc:subfield><marc:subfield code="0">Édite : </marc:subfield><marc:subfield code="3">14004689</marc:subfield><marc:subfield code="a">Warner Bros-Sunset</marc:subfield></marc:datafield><marc:datafield tag="516" ind1=" " ind2=" "><marc:subfield code="5">z</marc:subfield><marc:subfield code="0">Édite : </marc:subfield><marc:subfield code="3">13997402</marc:subfield><marc:subfield code="a">Primary</marc:subfield></marc:datafield><marc:datafield tag="516" ind1=" " ind2=" "><marc:subfield code="5">z</marc:subfield><marc:subfield code="0">Édite : </marc:subfield><marc:subfield code="3">14014759</marc:subfield><marc:subfield code="a">Nlon</marc:subfield></marc:datafield><marc:datafield tag="516" ind1=" " ind2=" "><marc:subfield code="5">z</marc:subfield><marc:subfield code="0">Édite : </marc:subfield><marc:subfield code="3">14012648</marc:subfield><marc:subfield code="a">Erato Detour</marc:subfield></marc:datafield><marc:datafield tag="516" ind1=" " ind2=" "><marc:subfield code="5">z</marc:subfield><marc:subfield code="0">Édite : </marc:subfield><marc:subfield code="3">13877105</marc:subfield><marc:subfield code="a">Dorado</marc:subfield></marc:datafield><marc:datafield tag="516" ind1=" " ind2=" "><marc:subfield code="5">z</marc:subfield><marc:subfield code="0">Édite : </marc:subfield><marc:subfield code="3">14013055</marc:subfield><marc:subfield code="a">Filter</marc:subfield></marc:datafield><marc:datafield tag="516" ind1=" " ind2=" "><marc:subfield code="5">z</marc:subfield><marc:subfield code="0">Édite : </marc:subfield><marc:subfield code="3">14020664</marc:subfield><marc:subfield code="a">Atlantic-Scratchie</marc:subfield></marc:datafield><marc:datafield tag="516" ind1=" " ind2=" "><marc:subfield code="5">z</marc:subfield><marc:subfield code="0">Édite : </marc:subfield><marc:subfield code="3">14020761</marc:subfield><marc:subfield code="a">BG productions</marc:subfield></marc:datafield><marc:datafield tag="516" ind1=" " ind2=" "><marc:subfield code="5">z</marc:subfield><marc:subfield code="0">Édite : </marc:subfield><marc:subfield code="3">14020762</marc:subfield><marc:subfield code="a">Fuel</marc:subfield></marc:datafield><marc:datafield tag="516" ind1=" " ind2=" "><marc:subfield code="5">z</marc:subfield><marc:subfield code="0">Édite : </marc:subfield><marc:subfield code="3">14024911</marc:subfield><marc:subfield code="a">Hi fi recordings</marc:subfield></marc:datafield><marc:datafield tag="516" ind1=" " ind2=" "><marc:subfield code="5">z</marc:subfield><marc:subfield code="0">Édite : </marc:subfield><marc:subfield code="3">14001249</marc:subfield><marc:subfield code="7">ba0yba0y</marc:subfield><marc:subfield code="8">fre   </marc:subfield><marc:subfield code="a">Tôt ou tard</marc:subfield></marc:datafield><marc:datafield tag="516" ind1=" " ind2=" "><marc:subfield code="5">z</marc:subfield><marc:subfield code="0">Édite : </marc:subfield><marc:subfield code="3">14012645</marc:subfield><marc:subfield code="a">Indochina</marc:subfield></marc:datafield><marc:datafield tag="516" ind1=" " ind2=" "><marc:subfield code="5">z</marc:subfield><marc:subfield code="0">Édite : </marc:subfield><marc:subfield code="3">14013689</marc:subfield><marc:subfield code="a">Coalition</marc:subfield></marc:datafield><marc:datafield tag="516" ind1=" " ind2=" "><marc:subfield code="5">z</marc:subfield><marc:subfield code="0">Édite : </marc:subfield><marc:subfield code="3">14013687</marc:subfield><marc:subfield code="a">Ché</marc:subfield></marc:datafield><marc:datafield tag="516" ind1=" " ind2=" "><marc:subfield code="5">z</marc:subfield><marc:subfield code="0">Édite : </marc:subfield><marc:subfield code="3">14013691</marc:subfield><marc:subfield code="a">Scratchie</marc:subfield></marc:datafield><marc:datafield tag="516" ind1=" " ind2=" "><marc:subfield code="5">z</marc:subfield><marc:subfield code="0">Édite : </marc:subfield><marc:subfield code="3">14026847</marc:subfield><marc:subfield code="a">Violator</marc:subfield></marc:datafield><marc:datafield tag="516" ind1=" " ind2=" "><marc:subfield code="5">z</marc:subfield><marc:subfield code="0">Édite : </marc:subfield><marc:subfield code="3">14026904</marc:subfield><marc:subfield code="a">Flashback</marc:subfield></marc:datafield><marc:datafield tag="516" ind1=" " ind2=" "><marc:subfield code="5">z</marc:subfield><marc:subfield code="0">Édite : </marc:subfield><marc:subfield code="3">14026929</marc:subfield><marc:subfield code="a">Essential recordings</marc:subfield></marc:datafield><marc:datafield tag="516" ind1=" " ind2=" "><marc:subfield code="5">z</marc:subfield><marc:subfield code="0">Édite : </marc:subfield><marc:subfield code="3">14026945</marc:subfield><marc:subfield code="a">Elektra-Squint</marc:subfield></marc:datafield><marc:datafield tag="516" ind1=" " ind2=" "><marc:subfield code="5">z</marc:subfield><marc:subfield code="0">Édite : </marc:subfield><marc:subfield code="3">14027037</marc:subfield><marc:subfield code="a">DHR</marc:subfield></marc:datafield><marc:datafield tag="516" ind1=" " ind2=" "><marc:subfield code="5">z</marc:subfield><marc:subfield code="0">Édite : </marc:subfield><marc:subfield code="3">14028266</marc:subfield><marc:subfield code="a">Freakstreet</marc:subfield></marc:datafield><marc:datafield tag="516" ind1=" " ind2=" "><marc:subfield code="5">z</marc:subfield><marc:subfield code="0">Édite : </marc:subfield><marc:subfield code="3">14028506</marc:subfield><marc:subfield code="a">Ahí-Namá</marc:subfield></marc:datafield><marc:datafield tag="516" ind1=" " ind2=" "><marc:subfield code="5">z</marc:subfield><marc:subfield code="0">Édite : </marc:subfield><marc:subfield code="3">14029597</marc:subfield><marc:subfield code="a">Four faces communications</marc:subfield></marc:datafield><marc:datafield tag="516" ind1=" " ind2=" "><marc:subfield code="5">z</marc:subfield><marc:subfield code="0">Édite : </marc:subfield><marc:subfield code="3">13946327</marc:subfield><marc:subfield code="a">FFRR-Acid Jazz</marc:subfield></marc:datafield><marc:datafield tag="516" ind1=" " ind2=" "><marc:subfield code="5">z</marc:subfield><marc:subfield code="0">Édite : </marc:subfield><marc:subfield code="3">13876198</marc:subfield><marc:subfield code="a">London</marc:subfield></marc:datafield><marc:datafield tag="516" ind1=" " ind2=" "><marc:subfield code="5">z</marc:subfield><marc:subfield code="0">Édite : </marc:subfield><marc:subfield code="3">13876203</marc:subfield><marc:subfield code="a">London-Slash</marc:subfield></marc:datafield><marc:datafield tag="516" ind1=" " ind2=" "><marc:subfield code="5">z</marc:subfield><marc:subfield code="0">Édite : </marc:subfield><marc:subfield code="3">14029883</marc:subfield><marc:subfield code="a">Go feet records</marc:subfield></marc:datafield><marc:datafield tag="516" ind1=" " ind2=" "><marc:subfield code="5">z</marc:subfield><marc:subfield code="0">Édite : </marc:subfield><marc:subfield code="3">14024366</marc:subfield><marc:subfield code="a">Juste pour rire</marc:subfield></marc:datafield><marc:datafield tag="516" ind1=" " ind2=" "><marc:subfield code="5">z</marc:subfield><marc:subfield code="0">Édite : </marc:subfield><marc:subfield code="3">14033509</marc:subfield><marc:subfield code="a">Warner Sunset-Atlantic</marc:subfield></marc:datafield><marc:datafield tag="516" ind1=" " ind2=" "><marc:subfield code="5">z</marc:subfield><marc:subfield code="0">Édite : </marc:subfield><marc:subfield code="3">13970581</marc:subfield><marc:subfield code="a">Maad</marc:subfield></marc:datafield><marc:datafield tag="516" ind1=" " ind2=" "><marc:subfield code="5">z</marc:subfield><marc:subfield code="0">Édite : </marc:subfield><marc:subfield code="3">13970896</marc:subfield><marc:subfield code="a">Atlantic Street-First Priority</marc:subfield></marc:datafield><marc:datafield tag="516" ind1=" " ind2=" "><marc:subfield code="5">z</marc:subfield><marc:subfield code="0">Édite : </marc:subfield><marc:subfield code="3">13874752</marc:subfield><marc:subfield code="a">China</marc:subfield></marc:datafield><marc:datafield tag="516" ind1=" " ind2=" "><marc:subfield code="5">z</marc:subfield><marc:subfield code="0">Édite : </marc:subfield><marc:subfield code="3">13988569</marc:subfield><marc:subfield code="a">WEA-Eternal</marc:subfield></marc:datafield><marc:datafield tag="516" ind1=" " ind2=" "><marc:subfield code="5">z</marc:subfield><marc:subfield code="0">Édite : </marc:subfield><marc:subfield code="3">13988662</marc:subfield><marc:subfield code="a">Magneoton</marc:subfield></marc:datafield><marc:datafield tag="516" ind1=" " ind2=" "><marc:subfield code="5">z</marc:subfield><marc:subfield code="0">Édite : </marc:subfield><marc:subfield code="3">13988663</marc:subfield><marc:subfield code="a">Red Hot-Kinetic</marc:subfield></marc:datafield><marc:datafield tag="516" ind1=" " ind2=" "><marc:subfield code="5">z</marc:subfield><marc:subfield code="0">Édite : </marc:subfield><marc:subfield code="3">13991125</marc:subfield><marc:subfield code="a">Elektra-Sire-Hifi</marc:subfield></marc:datafield><marc:datafield tag="801" ind1=" " ind2=" "><marc:subfield code="a">FR</marc:subfield><marc:subfield code="b">FR-751131015</marc:subfield><marc:subfield code="c">20040213</marc:subfield></marc:datafield></marc:record>