<marc:record><marc:leader>01027cx  j2200265   4500</marc:leader><marc:controlfield tag="001">FRBNF119459723</marc:controlfield><marc:controlfield tag="003">http://catalogue.bnf.fr/ark:/12148/cb119459727</marc:controlfield><marc:controlfield tag="005">20131010</marc:controlfield><marc:datafield tag="039" ind1=" " ind2=" "><marc:subfield code="o">OPL</marc:subfield><marc:subfield code="a">001709727</marc:subfield></marc:datafield><marc:datafield tag="100" ind1=" " ind2=" "><marc:subfield code="a">19820527afrey50      ba0</marc:subfield></marc:datafield><marc:datafield tag="106" ind1=" " ind2=" "><marc:subfield code="a">211</marc:subfield></marc:datafield><marc:datafield tag="152" ind1=" " ind2=" "><marc:subfield code="b">rameau</marc:subfield><marc:subfield code="c">2</marc:subfield></marc:datafield><marc:datafield tag="250" ind1=" " ind2=" "><marc:subfield code="7">ba0yba0y</marc:subfield><marc:subfield code="8">fre   </marc:subfield><marc:subfield code="a">Vampires</marc:subfield></marc:datafield><marc:datafield tag="450" ind1=" " ind2=" "><marc:subfield code="7">ba0yba0y</marc:subfield><marc:subfield code="8">fre   </marc:subfield><marc:subfield code="9">  2</marc:subfield><marc:subfield code="a">Goules</marc:subfield></marc:datafield><marc:datafield tag="450" ind1=" " ind2=" "><marc:subfield code="7">ba0yba0y</marc:subfield><marc:subfield code="8">fre   </marc:subfield><marc:subfield code="a">Striges</marc:subfield></marc:datafield><marc:datafield tag="450" ind1=" " ind2=" "><marc:subfield code="7">ba0yba0y</marc:subfield><marc:subfield code="8">fre   </marc:subfield><marc:subfield code="a">Stryges</marc:subfield></marc:datafield><marc:datafield tag="450" ind1=" " ind2=" "><marc:subfield code="7">ba0yba0y</marc:subfield><marc:subfield code="8">fre   </marc:subfield><marc:subfield code="a">Vampirisme</marc:subfield></marc:datafield><marc:datafield tag="550" ind1=" " ind2=" "><marc:subfield code="5">g</marc:subfield><marc:subfield code="3">11942298</marc:subfield><marc:subfield code="7">ba0yba0y</marc:subfield><marc:subfield code="8">fre   </marc:subfield><marc:subfield code="9">  2</marc:subfield><marc:subfield code="a">Fantômes</marc:subfield></marc:datafield><marc:datafield tag="580" ind1=" " ind2="0"><marc:subfield code="5">z</marc:subfield><marc:subfield code="0">Voir aussi</marc:subfield><marc:subfield code="3">11931407</marc:subfield><marc:subfield code="7">ba0yba0y</marc:subfield><marc:subfield code="8">fre   </marc:subfield><marc:subfield code="9">  2</marc:subfield><marc:subfield code="a">Films de vampires</marc:subfield></marc:datafield><marc:datafield tag="686" ind1=" " ind2=" "><marc:subfield code="a">391</marc:subfield><marc:subfield code="2">Note de regroupement par domaine</marc:subfield></marc:datafield><marc:datafield tag="801" ind1=" " ind2=" "><marc:subfield code="a">FR</marc:subfield><marc:subfield code="b">FR-751131015</marc:subfield><marc:subfield code="c">20131010</marc:subfield></marc:datafield><marc:datafield tag="810" ind1=" " ind2=" "><marc:subfield code="a">Grand Larousse universel</marc:subfield><marc:subfield code="a">Trésor de la langue française</marc:subfield></marc:datafield><marc:datafield tag="822" ind1="1" ind2="2"><marc:subfield code="a">Vampires</marc:subfield><marc:subfield code="2">RVMLaval</marc:subfield><marc:subfield code="d">2013-10-10</marc:subfield></marc:datafield><marc:datafield tag="822" ind1="1" ind2=" "><marc:subfield code="a">Ghouls and ogres</marc:subfield><marc:subfield code="2">LCSH</marc:subfield><marc:subfield code="u">http://id.loc.gov/authorities/subjects/sh85054826</marc:subfield><marc:subfield code="d">2017-02-09</marc:subfield></marc:datafield><marc:datafield tag="822" ind1="1" ind2="2"><marc:subfield code="a">Vampires</marc:subfield><marc:subfield code="2">LCSH</marc:subfield><marc:subfield code="u">http://id.loc.gov/authorities/subjects/sh85141948</marc:subfield><marc:subfield code="d">2017-02-09</marc:subfield></marc:datafield></marc:record>