<marc:record><marc:leader>00712cx  b2200205   4500</marc:leader><marc:controlfield tag="001">FRBNF150624252</marc:controlfield><marc:controlfield tag="003">http://catalogue.bnf.fr/ark:/12148/cb150624251</marc:controlfield><marc:controlfield tag="005">20060608</marc:controlfield><marc:datafield tag="100" ind1=" " ind2=" "><marc:subfield code="a">20060504afrey50      ba0</marc:subfield></marc:datafield><marc:datafield tag="102" ind1=" " ind2=" "><marc:subfield code="a">CA</marc:subfield></marc:datafield><marc:datafield tag="103" ind1=" " ind2=" "><marc:subfield code="a"> 1938</marc:subfield></marc:datafield><marc:datafield tag="106" ind1=" " ind2=" "><marc:subfield code="a">210</marc:subfield></marc:datafield><marc:datafield tag="150" ind1=" " ind2=" "><marc:subfield code="a">y</marc:subfield><marc:subfield code="b">t</marc:subfield></marc:datafield><marc:datafield tag="152" ind1=" " ind2=" "><marc:subfield code="c">2</marc:subfield></marc:datafield><marc:datafield tag="210" ind1=" " ind2=" "><marc:subfield code="7">ba0yba0y</marc:subfield><marc:subfield code="8">fre   </marc:subfield><marc:subfield code="9">20 </marc:subfield><marc:subfield code="a">Royal Winnipeg Ballet</marc:subfield></marc:datafield><marc:datafield tag="300" ind1="1" ind2=" "><marc:subfield code="a">Compagnie de danse</marc:subfield></marc:datafield><marc:datafield tag="550" ind1=" " ind2=" "><marc:subfield code="5">g</marc:subfield><marc:subfield code="3">13167373</marc:subfield><marc:subfield code="7">ba0yba0y</marc:subfield><marc:subfield code="8">fre   </marc:subfield><marc:subfield code="9">  4</marc:subfield><marc:subfield code="a">Compagnies de danse</marc:subfield><marc:subfield code="y">Canada</marc:subfield></marc:datafield><marc:datafield tag="686" ind1=" " ind2=" "><marc:subfield code="a">790</marc:subfield><marc:subfield code="c">Spectacles et loisirs (généralités)</marc:subfield><marc:subfield code="2">Note de regroupement par domaine</marc:subfield></marc:datafield><marc:datafield tag="801" ind1=" " ind2=" "><marc:subfield code="a">FR</marc:subfield><marc:subfield code="b">FR-751131015</marc:subfield><marc:subfield code="c">20060608</marc:subfield></marc:datafield><marc:datafield tag="810" ind1=" " ind2=" "><marc:subfield code="a">An instinct for success : Arnold Spohr and the Royal Winnipeg Ballet / Michael Crabb, 2002</marc:subfield></marc:datafield></marc:record>