<marc:record><marc:leader>00937cx  b2200265   4500</marc:leader><marc:controlfield tag="001">FRBNF139058638</marc:controlfield><marc:controlfield tag="003">http://catalogue.bnf.fr/ark:/12148/cb13905863f</marc:controlfield><marc:controlfield tag="005">20070612</marc:controlfield><marc:datafield tag="010" ind1=" " ind2=" "><marc:subfield code="a">0000000123084612</marc:subfield><marc:subfield code="2">VIAF</marc:subfield><marc:subfield code="d">20130731</marc:subfield></marc:datafield><marc:datafield tag="100" ind1=" " ind2=" "><marc:subfield code="a">19890601afrey50      ba0</marc:subfield></marc:datafield><marc:datafield tag="102" ind1=" " ind2=" "><marc:subfield code="a">DE</marc:subfield></marc:datafield><marc:datafield tag="103" ind1=" " ind2=" "><marc:subfield code="a"> 1969</marc:subfield></marc:datafield><marc:datafield tag="105" ind1=" " ind2=" "><marc:subfield code="a">a</marc:subfield><marc:subfield code="a">i</marc:subfield></marc:datafield><marc:datafield tag="106" ind1=" " ind2=" "><marc:subfield code="a">1</marc:subfield></marc:datafield><marc:datafield tag="150" ind1=" " ind2=" "><marc:subfield code="a">y</marc:subfield><marc:subfield code="b">v8</marc:subfield></marc:datafield><marc:datafield tag="152" ind1=" " ind2=" "><marc:subfield code="c">2</marc:subfield></marc:datafield><marc:datafield tag="210" ind1=" " ind2=" "><marc:subfield code="7">ba0yba0y</marc:subfield><marc:subfield code="8">fre   </marc:subfield><marc:subfield code="9">20 </marc:subfield><marc:subfield code="a">Popol Vuh</marc:subfield></marc:datafield><marc:datafield tag="300" ind1="0" ind2=" "><marc:subfield code="a">Groupe de rock progressif</marc:subfield></marc:datafield><marc:datafield tag="303" ind1=" " ind2=" "><marc:subfield code="a">Munich (Allemagne)</marc:subfield></marc:datafield><marc:datafield tag="307" ind1=" " ind2=" "><marc:subfield code="a">Fricke, Florian</marc:subfield><marc:subfield code="a">Fielder, Frank</marc:subfield><marc:subfield code="a">Trulksch, Holger</marc:subfield><marc:subfield code="a">Eliscu, Robert</marc:subfield><marc:subfield code="a">Fischlescher, Daniel</marc:subfield></marc:datafield><marc:datafield tag="500" ind1=" " ind2=" "><marc:subfield code="5">z</marc:subfield><marc:subfield code="0">A pour membre : </marc:subfield><marc:subfield code="3">14051210</marc:subfield><marc:subfield code="7">ba0yba0y</marc:subfield><marc:subfield code="8">fre   </marc:subfield><marc:subfield code="9"> 0 </marc:subfield><marc:subfield code="a">Fricke</marc:subfield><marc:subfield code="b">Florian</marc:subfield><marc:subfield code="f">1944-2001</marc:subfield></marc:datafield><marc:datafield tag="801" ind1=" " ind2=" "><marc:subfield code="a">FR</marc:subfield><marc:subfield code="b">FR-751131015</marc:subfield><marc:subfield code="c">20070612</marc:subfield></marc:datafield><marc:datafield tag="810" ind1=" " ind2=" "><marc:subfield code="a">Music for relaxation concentration meditation [Enregistrement sonore]. Milan MC846909</marc:subfield></marc:datafield><marc:datafield tag="810" ind1=" " ind2=" "><marc:subfield code="a">AMG - http://allmusic.com (2000-07-31)</marc:subfield></marc:datafield><marc:datafield tag="856" ind1=" " ind2=" "><marc:subfield code="u">http://allmusic.com</marc:subfield><marc:subfield code="e">2000-07-31</marc:subfield></marc:datafield></marc:record>