<marc:record><marc:leader>00627nx  a2200193   4500</marc:leader><marc:controlfield tag="001">FRBNF165084538</marc:controlfield><marc:controlfield tag="003">http://catalogue.bnf.fr/ark:/12148/cb16508453g</marc:controlfield><marc:datafield tag="100" ind1=" " ind2=" "><marc:subfield code="a">20110511afrey50      ba0</marc:subfield></marc:datafield><marc:datafield tag="102" ind1=" " ind2=" "><marc:subfield code="a">XX</marc:subfield></marc:datafield><marc:datafield tag="105" ind1=" " ind2=" "><marc:subfield code="a">i</marc:subfield></marc:datafield><marc:datafield tag="106" ind1=" " ind2=" "><marc:subfield code="a">1</marc:subfield></marc:datafield><marc:datafield tag="120" ind1=" " ind2=" "><marc:subfield code="a">a</marc:subfield></marc:datafield><marc:datafield tag="152" ind1=" " ind2=" "><marc:subfield code="c">2</marc:subfield></marc:datafield><marc:datafield tag="200" ind1=" " ind2=" "><marc:subfield code="7">ba0yba0y</marc:subfield><marc:subfield code="8">fre   </marc:subfield><marc:subfield code="9"> 0 </marc:subfield><marc:subfield code="a">Birtwhistle</marc:subfield><marc:subfield code="b">Tara</marc:subfield></marc:datafield><marc:datafield tag="300" ind1="0" ind2=" "><marc:subfield code="a">Actrice</marc:subfield></marc:datafield><marc:datafield tag="801" ind1=" " ind2=" "><marc:subfield code="a">FR</marc:subfield><marc:subfield code="b">FR-751131015</marc:subfield><marc:subfield code="c">20110511</marc:subfield></marc:datafield><marc:datafield tag="810" ind1=" " ind2=" "><marc:subfield code="a">Cowards bend the knee [Images animées] / Guy Maddin, réal. ; Tara Birtwhistle, act. ED distribution, 2011</marc:subfield></marc:datafield><marc:datafield tag="810" ind1=" " ind2=" "><marc:subfield code="a">IMDB - http://www.imdb.fr/name/nm1039461 (2011-05-11)</marc:subfield></marc:datafield><marc:datafield tag="856" ind1=" " ind2=" "><marc:subfield code="u">http://www.imdb.fr/name/nm1039461/</marc:subfield><marc:subfield code="e">2011-05-11</marc:subfield></marc:datafield></marc:record>