<marc:record><marc:leader>00707cx  b2200193   4500</marc:leader><marc:controlfield tag="001">FRBNF138818369</marc:controlfield><marc:controlfield tag="003">http://catalogue.bnf.fr/ark:/12148/cb138818362</marc:controlfield><marc:controlfield tag="005">20020531</marc:controlfield><marc:datafield tag="100" ind1=" " ind2=" "><marc:subfield code="a">19890601afrey50      ba0</marc:subfield></marc:datafield><marc:datafield tag="102" ind1=" " ind2=" "><marc:subfield code="a">US</marc:subfield></marc:datafield><marc:datafield tag="105" ind1=" " ind2=" "><marc:subfield code="c">a</marc:subfield><marc:subfield code="d">h</marc:subfield><marc:subfield code="d">r</marc:subfield></marc:datafield><marc:datafield tag="106" ind1=" " ind2=" "><marc:subfield code="a">1</marc:subfield></marc:datafield><marc:datafield tag="150" ind1=" " ind2=" "><marc:subfield code="a">y</marc:subfield></marc:datafield><marc:datafield tag="152" ind1=" " ind2=" "><marc:subfield code="c">2</marc:subfield></marc:datafield><marc:datafield tag="210" ind1=" " ind2=" "><marc:subfield code="7">ba0yba0y</marc:subfield><marc:subfield code="8">fre   </marc:subfield><marc:subfield code="9"> 0 </marc:subfield><marc:subfield code="a">Lions gate productions</marc:subfield></marc:datafield><marc:datafield tag="300" ind1="0" ind2=" "><marc:subfield code="a">Société de production appartenant à Lions gate entertainment</marc:subfield></marc:datafield><marc:datafield tag="303" ind1=" " ind2=" "><marc:subfield code="a">4553 Glencoe Av. , 90292 Marina del Rey, Calif.</marc:subfield></marc:datafield><marc:datafield tag="801" ind1=" " ind2=" "><marc:subfield code="a">FR</marc:subfield><marc:subfield code="b">FR-751131015</marc:subfield><marc:subfield code="c">20020531</marc:subfield></marc:datafield><marc:datafield tag="810" ind1=" " ind2=" "><marc:subfield code="a">Lions gate entertainment (http://www.lionsgate-ent.com), 2002-05-31</marc:subfield><marc:subfield code="a">Hoover&apos;s online (http://www.hoovers.com), 2002-05-31</marc:subfield><marc:subfield code="a">American psycho. Lions gate productions, 2000</marc:subfield></marc:datafield></marc:record>