<marc:record><marc:leader>01442cx  l2200277   4500</marc:leader><marc:controlfield tag="001">FRBNF119805399</marc:controlfield><marc:controlfield tag="003">http://catalogue.bnf.fr/ark:/12148/cb11980539x</marc:controlfield><marc:controlfield tag="005">20200305</marc:controlfield><marc:datafield tag="039" ind1=" " ind2=" "><marc:subfield code="o">OPL</marc:subfield><marc:subfield code="a">002183632</marc:subfield></marc:datafield><marc:datafield tag="100" ind1=" " ind2=" "><marc:subfield code="a">19850707afrey50      ba0</marc:subfield></marc:datafield><marc:datafield tag="106" ind1=" " ind2=" "><marc:subfield code="a">211</marc:subfield></marc:datafield><marc:datafield tag="152" ind1=" " ind2=" "><marc:subfield code="b">rameau</marc:subfield><marc:subfield code="c">2</marc:subfield></marc:datafield><marc:datafield tag="180" ind1=" " ind2=" "><marc:subfield code="a">a</marc:subfield></marc:datafield><marc:datafield tag="280" ind1=" " ind2="0"><marc:subfield code="7">ba0yba0y</marc:subfield><marc:subfield code="8">fre   </marc:subfield><marc:subfield code="a">Affiches de cinéma</marc:subfield></marc:datafield><marc:datafield tag="305" ind1="1" ind2=" "><marc:subfield code="a">Voir aussi la subdivision de sujet ou de forme Affiches à tous sujets noms communs et noms propres pour des études sur des affiches ou des recueils d&apos;affiches dont le cinéma est le thème, par ex. : Films d&apos;aventures -- Affiches</marc:subfield></marc:datafield><marc:datafield tag="480" ind1=" " ind2="0"><marc:subfield code="7">ba0yba0y</marc:subfield><marc:subfield code="8">fre   </marc:subfield><marc:subfield code="a">Affiches de films</marc:subfield></marc:datafield><marc:datafield tag="480" ind1=" " ind2="0"><marc:subfield code="7">ba0yba0y</marc:subfield><marc:subfield code="8">fre   </marc:subfield><marc:subfield code="a">Cinéma</marc:subfield><marc:subfield code="x">Affiches</marc:subfield></marc:datafield><marc:datafield tag="550" ind1=" " ind2=" "><marc:subfield code="5">g</marc:subfield><marc:subfield code="3">12066913</marc:subfield><marc:subfield code="7">ba0yba0y</marc:subfield><marc:subfield code="8">fre   </marc:subfield><marc:subfield code="a">Cinéma</marc:subfield><marc:subfield code="x">Publicité</marc:subfield></marc:datafield><marc:datafield tag="580" ind1=" " ind2="0"><marc:subfield code="5">g</marc:subfield><marc:subfield code="3">11952386</marc:subfield><marc:subfield code="7">ba0yba0y</marc:subfield><marc:subfield code="8">fre   </marc:subfield><marc:subfield code="a">Affiches de spectacle</marc:subfield></marc:datafield><marc:datafield tag="686" ind1=" " ind2=" "><marc:subfield code="a">760</marc:subfield><marc:subfield code="c">Arts graphiques</marc:subfield><marc:subfield code="2">Note de regroupement par domaine</marc:subfield></marc:datafield><marc:datafield tag="686" ind1=" " ind2=" "><marc:subfield code="a">791</marc:subfield><marc:subfield code="c">Audiovisuel</marc:subfield><marc:subfield code="2">Note de regroupement par domaine</marc:subfield></marc:datafield><marc:datafield tag="801" ind1=" " ind2=" "><marc:subfield code="a">FR</marc:subfield><marc:subfield code="b">FR-751131015</marc:subfield><marc:subfield code="c">20200305</marc:subfield></marc:datafield><marc:datafield tag="810" ind1=" " ind2=" "><marc:subfield code="a">100 ans d&apos;affiches de cinéma : description et cote de 20 000 affiches / S. Choko, 1995</marc:subfield><marc:subfield code="a">L&apos;affiche de cinéma : le cinéma français / J.-L. Capitaine, B. J. M. Charton, 1983</marc:subfield></marc:datafield><marc:datafield tag="822" ind1="1" ind2="2"><marc:subfield code="a">Affiches de cinéma</marc:subfield><marc:subfield code="2">RVMLaval</marc:subfield><marc:subfield code="d">2020-02-23</marc:subfield></marc:datafield><marc:datafield tag="822" ind1="1" ind2="2"><marc:subfield code="a">Film posters</marc:subfield><marc:subfield code="2">LCGFT</marc:subfield><marc:subfield code="u">http://id.loc.gov/authorities/genreForms/gf2017026118</marc:subfield><marc:subfield code="d">2020-03-05</marc:subfield></marc:datafield><marc:datafield tag="822" ind1="1" ind2="2"><marc:subfield code="a">Film posters</marc:subfield><marc:subfield code="2">LCSH</marc:subfield><marc:subfield code="u">http://id.loc.gov/authorities/subjects/sh85048229</marc:subfield><marc:subfield code="d">2020-02-09</marc:subfield></marc:datafield></marc:record>