<marc:record><marc:leader>00734cx  a2200205   4500</marc:leader><marc:controlfield tag="001">FRBNF14623074X</marc:controlfield><marc:controlfield tag="003">http://catalogue.bnf.fr/ark:/12148/cb14623074f</marc:controlfield><marc:controlfield tag="005">20050602</marc:controlfield><marc:datafield tag="010" ind1=" " ind2=" "><marc:subfield code="a">000000000323564X</marc:subfield><marc:subfield code="2">ISNI</marc:subfield><marc:subfield code="d">20150312</marc:subfield></marc:datafield><marc:datafield tag="100" ind1=" " ind2=" "><marc:subfield code="a">20050422afrey50      ba0</marc:subfield></marc:datafield><marc:datafield tag="101" ind1=" " ind2=" "><marc:subfield code="a">fre</marc:subfield></marc:datafield><marc:datafield tag="102" ind1=" " ind2=" "><marc:subfield code="a">FR</marc:subfield></marc:datafield><marc:datafield tag="103" ind1=" " ind2=" "><marc:subfield code="a"> 19770413</marc:subfield></marc:datafield><marc:datafield tag="105" ind1=" " ind2=" "><marc:subfield code="a">a</marc:subfield></marc:datafield><marc:datafield tag="106" ind1=" " ind2=" "><marc:subfield code="a">1</marc:subfield></marc:datafield><marc:datafield tag="120" ind1=" " ind2=" "><marc:subfield code="a">a</marc:subfield></marc:datafield><marc:datafield tag="200" ind1=" " ind2=" "><marc:subfield code="7">ba0yba0y</marc:subfield><marc:subfield code="8">fre   </marc:subfield><marc:subfield code="9"> 0 </marc:subfield><marc:subfield code="a">Deschamps</marc:subfield><marc:subfield code="b">Fanny</marc:subfield><marc:subfield code="f">1977-....</marc:subfield></marc:datafield><marc:datafield tag="300" ind1="0" ind2=" "><marc:subfield code="a">Professeur de français et responsable du service éducatif du Musée départemental des antiquités de Rouen (en 2004)</marc:subfield></marc:datafield><marc:datafield tag="801" ind1=" " ind2=" "><marc:subfield code="a">FR</marc:subfield><marc:subfield code="b">FR-751131015</marc:subfield><marc:subfield code="c">20050602</marc:subfield></marc:datafield><marc:datafield tag="810" ind1=" " ind2=" "><marc:subfield code="a">Lire l&apos;image au collège et au lycée en cours de français : images fixes et images mobiles / Fanny Deschamps, 2004</marc:subfield></marc:datafield></marc:record>