<marc:record><marc:leader>00647cx  a2200217   4500</marc:leader><marc:controlfield tag="001">FRBNF140481044</marc:controlfield><marc:controlfield tag="003">http://catalogue.bnf.fr/ark:/12148/cb140481044</marc:controlfield><marc:controlfield tag="005">20070601</marc:controlfield><marc:datafield tag="010" ind1=" " ind2=" "><marc:subfield code="a">0000000115844474</marc:subfield><marc:subfield code="2">VIAF</marc:subfield><marc:subfield code="d">20130801</marc:subfield></marc:datafield><marc:datafield tag="039" ind1=" " ind2=" "><marc:subfield code="o">OPP</marc:subfield><marc:subfield code="a">13825564</marc:subfield><marc:subfield code="d">20070601</marc:subfield></marc:datafield><marc:datafield tag="100" ind1=" " ind2=" "><marc:subfield code="a">20020124afrey50      ba0</marc:subfield></marc:datafield><marc:datafield tag="102" ind1=" " ind2=" "><marc:subfield code="a">US</marc:subfield></marc:datafield><marc:datafield tag="103" ind1=" " ind2=" "><marc:subfield code="a"> 19120619  19860522</marc:subfield></marc:datafield><marc:datafield tag="105" ind1=" " ind2=" "><marc:subfield code="a">i</marc:subfield></marc:datafield><marc:datafield tag="106" ind1=" " ind2=" "><marc:subfield code="a">1</marc:subfield></marc:datafield><marc:datafield tag="120" ind1=" " ind2=" "><marc:subfield code="a">b</marc:subfield></marc:datafield><marc:datafield tag="152" ind1=" " ind2=" "><marc:subfield code="c">2</marc:subfield></marc:datafield><marc:datafield tag="200" ind1=" " ind2=" "><marc:subfield code="7">ba0yba0y</marc:subfield><marc:subfield code="8">fre   </marc:subfield><marc:subfield code="9"> 0 </marc:subfield><marc:subfield code="a">Gabel</marc:subfield><marc:subfield code="b">Martin</marc:subfield><marc:subfield code="f">1912-1986</marc:subfield></marc:datafield><marc:datafield tag="300" ind1="0" ind2=" "><marc:subfield code="a">Acteur et réalisateur</marc:subfield></marc:datafield><marc:datafield tag="801" ind1=" " ind2=" "><marc:subfield code="a">FR</marc:subfield><marc:subfield code="b">FR-751131015</marc:subfield><marc:subfield code="c">20070601</marc:subfield></marc:datafield><marc:datafield tag="810" ind1=" " ind2=" "><marc:subfield code="a">The Macmillan international film encyclopedia, 1994</marc:subfield><marc:subfield code="a">IMDB (http://us.imdb.com/), 2002-01-24</marc:subfield></marc:datafield></marc:record>