<marc:record><marc:leader>00740cx  a2200229   4500</marc:leader><marc:controlfield tag="001">FRBNF150729036</marc:controlfield><marc:controlfield tag="003">http://catalogue.bnf.fr/ark:/12148/cb150729039</marc:controlfield><marc:controlfield tag="005">20171206</marc:controlfield><marc:datafield tag="010" ind1=" " ind2=" "><marc:subfield code="a">0000000109899671</marc:subfield><marc:subfield code="2">VIAF</marc:subfield><marc:subfield code="d">20130805</marc:subfield></marc:datafield><marc:datafield tag="100" ind1=" " ind2=" "><marc:subfield code="a">20060614afrey50      ba0</marc:subfield></marc:datafield><marc:datafield tag="102" ind1=" " ind2=" "><marc:subfield code="a">PL</marc:subfield></marc:datafield><marc:datafield tag="103" ind1=" " ind2=" "><marc:subfield code="a"> 1973</marc:subfield></marc:datafield><marc:datafield tag="105" ind1=" " ind2=" "><marc:subfield code="a">a</marc:subfield></marc:datafield><marc:datafield tag="106" ind1=" " ind2=" "><marc:subfield code="a">1</marc:subfield></marc:datafield><marc:datafield tag="120" ind1=" " ind2=" "><marc:subfield code="a">b</marc:subfield></marc:datafield><marc:datafield tag="152" ind1=" " ind2=" "><marc:subfield code="c">2</marc:subfield></marc:datafield><marc:datafield tag="200" ind1=" " ind2=" "><marc:subfield code="7">ba0yba0y</marc:subfield><marc:subfield code="8">fre   </marc:subfield><marc:subfield code="9"> 0 </marc:subfield><marc:subfield code="a">Kowalski</marc:subfield><marc:subfield code="b">Piotr</marc:subfield><marc:subfield code="f">1973-....</marc:subfield></marc:datafield><marc:datafield tag="300" ind1="0" ind2=" "><marc:subfield code="a">Dessinateur de bandes dessinées</marc:subfield></marc:datafield><marc:datafield tag="801" ind1=" " ind2=" "><marc:subfield code="a">FR</marc:subfield><marc:subfield code="b">FR-751131015</marc:subfield><marc:subfield code="c">20171206</marc:subfield></marc:datafield><marc:datafield tag="810" ind1=" " ind2=" "><marc:subfield code="a">La branche Lincoln / [dessin de] Piotr Kowalski ; [scénario de] Emmanuel Herzet, 2006-</marc:subfield></marc:datafield><marc:datafield tag="810" ind1=" " ind2=" "><marc:subfield code="a">BD paradiso - http://www.bdparadisio.com (2006-03-14)</marc:subfield></marc:datafield><marc:datafield tag="856" ind1=" " ind2=" "><marc:subfield code="u">http://www.bdparadisio.com</marc:subfield><marc:subfield code="e">2006-03-14</marc:subfield></marc:datafield></marc:record>