<marc:record><marc:leader>00596cx  a2200193   4500</marc:leader><marc:controlfield tag="001">FRBNF121110515</marc:controlfield><marc:controlfield tag="003">http://catalogue.bnf.fr/ark:/12148/cb12111051z</marc:controlfield><marc:controlfield tag="005">19951128</marc:controlfield><marc:datafield tag="010" ind1=" " ind2=" "><marc:subfield code="a">0000000000076233</marc:subfield><marc:subfield code="2">VIAF</marc:subfield><marc:subfield code="d">20130725</marc:subfield></marc:datafield><marc:datafield tag="039" ind1=" " ind2=" "><marc:subfield code="o">OPL</marc:subfield><marc:subfield code="a">004533946</marc:subfield></marc:datafield><marc:datafield tag="100" ind1=" " ind2=" "><marc:subfield code="a">19890425afrey50      ba0</marc:subfield></marc:datafield><marc:datafield tag="101" ind1=" " ind2=" "><marc:subfield code="a">fre</marc:subfield></marc:datafield><marc:datafield tag="102" ind1=" " ind2=" "><marc:subfield code="a">FR</marc:subfield></marc:datafield><marc:datafield tag="105" ind1=" " ind2=" "><marc:subfield code="a">a</marc:subfield></marc:datafield><marc:datafield tag="106" ind1=" " ind2=" "><marc:subfield code="a">1</marc:subfield></marc:datafield><marc:datafield tag="200" ind1=" " ind2=" "><marc:subfield code="7">ba0yba0y</marc:subfield><marc:subfield code="8">fre   </marc:subfield><marc:subfield code="9"> 0 </marc:subfield><marc:subfield code="a">Lullien</marc:subfield><marc:subfield code="b">Jean-Claude</marc:subfield></marc:datafield><marc:datafield tag="300" ind1="0" ind2=" "><marc:subfield code="a">Traduit de l&apos;anglais en français</marc:subfield></marc:datafield><marc:datafield tag="801" ind1=" " ind2=" "><marc:subfield code="a">FR</marc:subfield><marc:subfield code="b">FR-751131015</marc:subfield><marc:subfield code="c">19951128</marc:subfield></marc:datafield><marc:datafield tag="810" ind1=" " ind2=" "><marc:subfield code="a">Le crime d&apos;Oscar Wilde / Walter Satterthwait ; trad. de l&apos;anglais par Jean-Claude Lullien, 1995</marc:subfield></marc:datafield></marc:record>