<marc:record><marc:leader>01294cx  b2200313   4500</marc:leader><marc:controlfield tag="001">FRBNF135586182</marc:controlfield><marc:controlfield tag="003">http://catalogue.bnf.fr/ark:/12148/cb135586184</marc:controlfield><marc:controlfield tag="005">20201116</marc:controlfield><marc:datafield tag="010" ind1=" " ind2=" "><marc:subfield code="a">0000000119412476</marc:subfield><marc:subfield code="2">ISNI</marc:subfield><marc:subfield code="d">20150313</marc:subfield></marc:datafield><marc:datafield tag="039" ind1=" " ind2=" "><marc:subfield code="o">OPL</marc:subfield><marc:subfield code="a">014956777</marc:subfield></marc:datafield><marc:datafield tag="039" ind1=" " ind2=" "><marc:subfield code="o">OPP</marc:subfield><marc:subfield code="a">14708945</marc:subfield><marc:subfield code="d">20140220</marc:subfield></marc:datafield><marc:datafield tag="100" ind1=" " ind2=" "><marc:subfield code="a">20000529afrey50      ba0</marc:subfield></marc:datafield><marc:datafield tag="101" ind1=" " ind2=" "><marc:subfield code="a">fre</marc:subfield></marc:datafield><marc:datafield tag="102" ind1=" " ind2=" "><marc:subfield code="a">FR</marc:subfield></marc:datafield><marc:datafield tag="103" ind1=" " ind2=" "><marc:subfield code="a"> 1911</marc:subfield></marc:datafield><marc:datafield tag="105" ind1=" " ind2=" "><marc:subfield code="c">i</marc:subfield><marc:subfield code="a">a</marc:subfield></marc:datafield><marc:datafield tag="106" ind1=" " ind2=" "><marc:subfield code="a">010</marc:subfield></marc:datafield><marc:datafield tag="150" ind1=" " ind2=" "><marc:subfield code="a">y</marc:subfield><marc:subfield code="b">l1</marc:subfield></marc:datafield><marc:datafield tag="210" ind1=" " ind2=" "><marc:subfield code="7">ba0yba0y</marc:subfield><marc:subfield code="8">fre   </marc:subfield><marc:subfield code="9">20 </marc:subfield><marc:subfield code="a">Imprimerie A. Karcher</marc:subfield></marc:datafield><marc:datafield tag="300" ind1=" " ind2=" "><marc:subfield code="a">Fondée en 1911 par deux frères alsaciens, Jules et Alfred Karcher, au 23, rue Bichat, 75010, Paris. - Imprime essentiellement des affiches</marc:subfield></marc:datafield><marc:datafield tag="303" ind1=" " ind2=" "><marc:subfield code="a">13 rue des Gardinoux, 93300 Aubervilliers</marc:subfield></marc:datafield><marc:datafield tag="410" ind1=" " ind2=" "><marc:subfield code="7">ba0yba0y</marc:subfield><marc:subfield code="8">fre   </marc:subfield><marc:subfield code="a">Imprimerie A. Karcher</marc:subfield><marc:subfield code="c">Aubervilliers, Seine-Saint-Denis</marc:subfield></marc:datafield><marc:datafield tag="410" ind1=" " ind2=" "><marc:subfield code="7">ba0yba0y</marc:subfield><marc:subfield code="8">fre   </marc:subfield><marc:subfield code="a">Karcher</marc:subfield><marc:subfield code="c">Aubervilliers, Seine-Saint-Denis</marc:subfield></marc:datafield><marc:datafield tag="410" ind1=" " ind2=" "><marc:subfield code="7">ba0yba0y</marc:subfield><marc:subfield code="8">fre   </marc:subfield><marc:subfield code="a">Imprimerie Karcher</marc:subfield><marc:subfield code="c">Aubervilliers, Seine-Saint-Denis</marc:subfield></marc:datafield><marc:datafield tag="415" ind1=" " ind2=" "><marc:subfield code="7">ba0yba0y</marc:subfield><marc:subfield code="8">fre   </marc:subfield><marc:subfield code="a">Aubervilliers (Saint-Saint-Denis)</marc:subfield><marc:subfield code="x">Imprimerie A. Karcher</marc:subfield></marc:datafield><marc:datafield tag="686" ind1=" " ind2=" "><marc:subfield code="a">020</marc:subfield><marc:subfield code="c">Sciences de l&apos;information</marc:subfield><marc:subfield code="2">Note de regroupement par domaine</marc:subfield></marc:datafield><marc:datafield tag="801" ind1=" " ind2=" "><marc:subfield code="a">FR</marc:subfield><marc:subfield code="b">FR-751131015</marc:subfield><marc:subfield code="c">20201116</marc:subfield></marc:datafield><marc:datafield tag="810" ind1=" " ind2=" "><marc:subfield code="a">Mémoire de la rue : souvenirs d&apos;un imprimeur et d&apos;un afficheur, 1986</marc:subfield></marc:datafield><marc:datafield tag="810" ind1=" " ind2=" "><marc:subfield code="a">Kompass 1995</marc:subfield></marc:datafield></marc:record>