<marc:record><marc:leader>04398cx  l2200841   4500</marc:leader><marc:controlfield tag="001">FRBNF119357647</marc:controlfield><marc:controlfield tag="003">http://catalogue.bnf.fr/ark:/12148/cb11935764v</marc:controlfield><marc:controlfield tag="005">20220420</marc:controlfield><marc:datafield tag="039" ind1=" " ind2=" "><marc:subfield code="o">OPL</marc:subfield><marc:subfield code="a">001573782</marc:subfield></marc:datafield><marc:datafield tag="039" ind1=" " ind2=" "><marc:subfield code="o">OPL</marc:subfield><marc:subfield code="a">001790501</marc:subfield></marc:datafield><marc:datafield tag="039" ind1=" " ind2=" "><marc:subfield code="o">OPP</marc:subfield><marc:subfield code="a">11951987</marc:subfield><marc:subfield code="d">20210406</marc:subfield></marc:datafield><marc:datafield tag="039" ind1=" " ind2=" "><marc:subfield code="o">OPP</marc:subfield><marc:subfield code="a">17913309</marc:subfield><marc:subfield code="d">20220420</marc:subfield></marc:datafield><marc:datafield tag="100" ind1=" " ind2=" "><marc:subfield code="a">19850529afrey50      ba0</marc:subfield></marc:datafield><marc:datafield tag="106" ind1=" " ind2=" "><marc:subfield code="a">201</marc:subfield></marc:datafield><marc:datafield tag="152" ind1=" " ind2=" "><marc:subfield code="b">rameau</marc:subfield><marc:subfield code="c">2</marc:subfield></marc:datafield><marc:datafield tag="180" ind1=" " ind2=" "><marc:subfield code="a">b</marc:subfield></marc:datafield><marc:datafield tag="280" ind1=" " ind2="0"><marc:subfield code="7">ba0yba0y</marc:subfield><marc:subfield code="8">fre   </marc:subfield><marc:subfield code="a">Biographie</marc:subfield></marc:datafield><marc:datafield tag="300" ind1="1" ind2=" "><marc:subfield code="a">Relation des événements particuliers de la vie d&apos;une personne et genre littéraire qui a pour objet la relation de ces sortes de faits</marc:subfield></marc:datafield><marc:datafield tag="330" ind1=" " ind2=" "><marc:subfield code="a">S&apos;emploie également en subdivision</marc:subfield></marc:datafield><marc:datafield tag="480" ind1=" " ind2="0"><marc:subfield code="7">ba0yba0y</marc:subfield><marc:subfield code="8">fre   </marc:subfield><marc:subfield code="a">Biographie (genre littéraire)</marc:subfield></marc:datafield><marc:datafield tag="480" ind1=" " ind2="0"><marc:subfield code="7">ba0yba0y</marc:subfield><marc:subfield code="8">fre   </marc:subfield><marc:subfield code="a">Biographie littéraire</marc:subfield></marc:datafield><marc:datafield tag="480" ind1=" " ind2="0"><marc:subfield code="7">ba0yba0y</marc:subfield><marc:subfield code="8">fre   </marc:subfield><marc:subfield code="a">Biographies</marc:subfield></marc:datafield><marc:datafield tag="480" ind1=" " ind2="0"><marc:subfield code="7">ba0yba0y</marc:subfield><marc:subfield code="8">fre   </marc:subfield><marc:subfield code="a">Biographies collectives</marc:subfield></marc:datafield><marc:datafield tag="480" ind1=" " ind2="0"><marc:subfield code="7">ba0yba0y</marc:subfield><marc:subfield code="8">fre   </marc:subfield><marc:subfield code="a">Biographies historiques</marc:subfield></marc:datafield><marc:datafield tag="480" ind1=" " ind2="0"><marc:subfield code="7">ba0yba0y</marc:subfield><marc:subfield code="8">fre   </marc:subfield><marc:subfield code="a">Écriture biographique</marc:subfield></marc:datafield><marc:datafield tag="480" ind1=" " ind2="0"><marc:subfield code="7">ba0yba0y</marc:subfield><marc:subfield code="8">fre   </marc:subfield><marc:subfield code="a">Histoires de vie (biographies)</marc:subfield></marc:datafield><marc:datafield tag="480" ind1=" " ind2="0"><marc:subfield code="7">ba0yba0y</marc:subfield><marc:subfield code="8">fre   </marc:subfield><marc:subfield code="a">Notices biographiques</marc:subfield></marc:datafield><marc:datafield tag="480" ind1=" " ind2="0"><marc:subfield code="7">ba0yba0y</marc:subfield><marc:subfield code="8">fre   </marc:subfield><marc:subfield code="a">Oeuvre biographique</marc:subfield></marc:datafield><marc:datafield tag="480" ind1=" " ind2="0"><marc:subfield code="7">ba0yba0y</marc:subfield><marc:subfield code="8">fre   </marc:subfield><marc:subfield code="a">Oeuvres</marc:subfield><marc:subfield code="x">Biographies</marc:subfield></marc:datafield><marc:datafield tag="480" ind1=" " ind2="0"><marc:subfield code="7">ba0yba0y</marc:subfield><marc:subfield code="8">fre   </marc:subfield><marc:subfield code="a">Oeuvres biographiques</marc:subfield></marc:datafield><marc:datafield tag="480" ind1=" " ind2="0"><marc:subfield code="7">ba0yba0y</marc:subfield><marc:subfield code="8">fre   </marc:subfield><marc:subfield code="a">Récit biographique</marc:subfield></marc:datafield><marc:datafield tag="480" ind1=" " ind2="0"><marc:subfield code="7">ba0yba0y</marc:subfield><marc:subfield code="8">fre   </marc:subfield><marc:subfield code="a">Récit de vie</marc:subfield></marc:datafield><marc:datafield tag="480" ind1=" " ind2="0"><marc:subfield code="7">ba0yba0y</marc:subfield><marc:subfield code="8">fre   </marc:subfield><marc:subfield code="a">Récits biographiques</marc:subfield></marc:datafield><marc:datafield tag="480" ind1=" " ind2="0"><marc:subfield code="7">ba0yba0y</marc:subfield><marc:subfield code="8">fre   </marc:subfield><marc:subfield code="a">Récits de vie</marc:subfield></marc:datafield><marc:datafield tag="550" ind1=" " ind2=" "><marc:subfield code="5">z</marc:subfield><marc:subfield code="0">Voir aussi</marc:subfield><marc:subfield code="3">11943979</marc:subfield><marc:subfield code="7">ba0yba0y</marc:subfield><marc:subfield code="8">fre   </marc:subfield><marc:subfield code="a">Biographes</marc:subfield></marc:datafield><marc:datafield tag="550" ind1=" " ind2=" "><marc:subfield code="5">z</marc:subfield><marc:subfield code="0">Voir aussi</marc:subfield><marc:subfield code="3">11967826</marc:subfield><marc:subfield code="7">ba0yba0y</marc:subfield><marc:subfield code="8">fre   </marc:subfield><marc:subfield code="a">Biographie</marc:subfield><marc:subfield code="x">Méthodologie</marc:subfield></marc:datafield><marc:datafield tag="550" ind1=" " ind2=" "><marc:subfield code="5">z</marc:subfield><marc:subfield code="0">Voir aussi</marc:subfield><marc:subfield code="3">11934650</marc:subfield><marc:subfield code="7">ba0yba0y</marc:subfield><marc:subfield code="8">fre   </marc:subfield><marc:subfield code="a">Généalogie</marc:subfield></marc:datafield><marc:datafield tag="550" ind1=" " ind2=" "><marc:subfield code="5">z</marc:subfield><marc:subfield code="0">Voir aussi</marc:subfield><marc:subfield code="3">13339177</marc:subfield><marc:subfield code="7">ba0yba0y</marc:subfield><marc:subfield code="8">fre   </marc:subfield><marc:subfield code="a">Histoires de vie</marc:subfield></marc:datafield><marc:datafield tag="550" ind1=" " ind2=" "><marc:subfield code="5">h</marc:subfield><marc:subfield code="3">15919705</marc:subfield><marc:subfield code="7">ba0yba0y</marc:subfield><marc:subfield code="8">fre   </marc:subfield><marc:subfield code="a">Biographie imaginaire</marc:subfield></marc:datafield><marc:datafield tag="550" ind1=" " ind2=" "><marc:subfield code="5">h</marc:subfield><marc:subfield code="3">11941446</marc:subfield><marc:subfield code="7">ba0yba0y</marc:subfield><marc:subfield code="8">fre   </marc:subfield><marc:subfield code="a">Épitaphes</marc:subfield></marc:datafield><marc:datafield tag="550" ind1=" " ind2=" "><marc:subfield code="5">h</marc:subfield><marc:subfield code="3">11948106</marc:subfield><marc:subfield code="7">ba0yba0y</marc:subfield><marc:subfield code="8">fre   </marc:subfield><marc:subfield code="a">Hagiographie</marc:subfield></marc:datafield><marc:datafield tag="550" ind1=" " ind2=" "><marc:subfield code="5">g</marc:subfield><marc:subfield code="3">11934444</marc:subfield><marc:subfield code="7">ba0yba0y</marc:subfield><marc:subfield code="8">fre   </marc:subfield><marc:subfield code="a">Histoire</marc:subfield></marc:datafield><marc:datafield tag="580" ind1=" " ind2="0"><marc:subfield code="5">z</marc:subfield><marc:subfield code="0">Voir aussi</marc:subfield><marc:subfield code="3">11972974</marc:subfield><marc:subfield code="7">ba0yba0y</marc:subfield><marc:subfield code="8">fre   </marc:subfield><marc:subfield code="a">Anecdotes</marc:subfield></marc:datafield><marc:datafield tag="580" ind1=" " ind2="0"><marc:subfield code="5">z</marc:subfield><marc:subfield code="0">Voir aussi</marc:subfield><marc:subfield code="3">11960063</marc:subfield><marc:subfield code="7">ba0yba0y</marc:subfield><marc:subfield code="8">fre   </marc:subfield><marc:subfield code="a">Autobiographie</marc:subfield></marc:datafield><marc:datafield tag="580" ind1=" " ind2="0"><marc:subfield code="5">z</marc:subfield><marc:subfield code="0">Voir aussi</marc:subfield><marc:subfield code="3">13319098</marc:subfield><marc:subfield code="7">ba0yba0y</marc:subfield><marc:subfield code="8">fre   </marc:subfield><marc:subfield code="a">Biographie</marc:subfield><marc:subfield code="x">Sources</marc:subfield></marc:datafield><marc:datafield tag="580" ind1=" " ind2="0"><marc:subfield code="5">z</marc:subfield><marc:subfield code="0">Voir aussi</marc:subfield><marc:subfield code="3">11932842</marc:subfield><marc:subfield code="7">ba0yba0y</marc:subfield><marc:subfield code="8">fre   </marc:subfield><marc:subfield code="a">Portraits</marc:subfield><marc:subfield code="x">genre littéraire</marc:subfield></marc:datafield><marc:datafield tag="580" ind1=" " ind2="0"><marc:subfield code="5">z</marc:subfield><marc:subfield code="0">Voir aussi</marc:subfield><marc:subfield code="3">11976851</marc:subfield><marc:subfield code="7">ba0yba0y</marc:subfield><marc:subfield code="8">fre   </marc:subfield><marc:subfield code="a">Récits personnels</marc:subfield></marc:datafield><marc:datafield tag="580" ind1=" " ind2="0"><marc:subfield code="5">h</marc:subfield><marc:subfield code="3">16741802</marc:subfield><marc:subfield code="7">ba0yba0y</marc:subfield><marc:subfield code="8">fre   </marc:subfield><marc:subfield code="a">Bandes dessinées biographiques</marc:subfield></marc:datafield><marc:datafield tag="580" ind1=" " ind2="0"><marc:subfield code="5">h</marc:subfield><marc:subfield code="3">11976253</marc:subfield><marc:subfield code="7">ba0yba0y</marc:subfield><marc:subfield code="8">fre   </marc:subfield><marc:subfield code="a">Biobibliographie</marc:subfield></marc:datafield><marc:datafield tag="580" ind1=" " ind2="0"><marc:subfield code="5">h</marc:subfield><marc:subfield code="3">16178421</marc:subfield><marc:subfield code="7">ba0yba0y</marc:subfield><marc:subfield code="8">fre   </marc:subfield><marc:subfield code="a">Biographie</marc:subfield><marc:subfield code="z">1500-1800</marc:subfield></marc:datafield><marc:datafield tag="580" ind1=" " ind2="0"><marc:subfield code="5">h</marc:subfield><marc:subfield code="3">12393273</marc:subfield><marc:subfield code="7">ba0yba0y</marc:subfield><marc:subfield code="8">fre   </marc:subfield><marc:subfield code="a">Biographie</marc:subfield><marc:subfield code="z">19e siècle</marc:subfield></marc:datafield><marc:datafield tag="580" ind1=" " ind2="0"><marc:subfield code="5">h</marc:subfield><marc:subfield code="3">11959594</marc:subfield><marc:subfield code="7">ba0yba0y</marc:subfield><marc:subfield code="8">fre   </marc:subfield><marc:subfield code="a">Biographie</marc:subfield><marc:subfield code="z">20e siècle</marc:subfield></marc:datafield><marc:datafield tag="580" ind1=" " ind2="0"><marc:subfield code="5">h</marc:subfield><marc:subfield code="3">16177725</marc:subfield><marc:subfield code="7">ba0yba0y</marc:subfield><marc:subfield code="8">fre   </marc:subfield><marc:subfield code="a">Biographie</marc:subfield><marc:subfield code="z">1990-....</marc:subfield></marc:datafield><marc:datafield tag="580" ind1=" " ind2="0"><marc:subfield code="5">h</marc:subfield><marc:subfield code="3">12090673</marc:subfield><marc:subfield code="7">ba0yba0y</marc:subfield><marc:subfield code="8">fre   </marc:subfield><marc:subfield code="a">Biographie antique</marc:subfield></marc:datafield><marc:datafield tag="580" ind1=" " ind2="0"><marc:subfield code="5">h</marc:subfield><marc:subfield code="3">11935765</marc:subfield><marc:subfield code="7">ba0yba0y</marc:subfield><marc:subfield code="8">fre   </marc:subfield><marc:subfield code="a">Biographie médiévale</marc:subfield></marc:datafield><marc:datafield tag="580" ind1=" " ind2="0"><marc:subfield code="5">h</marc:subfield><marc:subfield code="3">11964543</marc:subfield><marc:subfield code="7">ba0yba0y</marc:subfield><marc:subfield code="8">fre   </marc:subfield><marc:subfield code="a">Dictionnaires biographiques</marc:subfield></marc:datafield><marc:datafield tag="580" ind1=" " ind2="0"><marc:subfield code="5">h</marc:subfield><marc:subfield code="3">11953281</marc:subfield><marc:subfield code="7">ba0yba0y</marc:subfield><marc:subfield code="8">fre   </marc:subfield><marc:subfield code="a">Films biographiques</marc:subfield></marc:datafield><marc:datafield tag="580" ind1=" " ind2="0"><marc:subfield code="5">h</marc:subfield><marc:subfield code="3">11940761</marc:subfield><marc:subfield code="7">ba0yba0y</marc:subfield><marc:subfield code="8">fre   </marc:subfield><marc:subfield code="a">Nécrologies</marc:subfield></marc:datafield><marc:datafield tag="580" ind1=" " ind2="0"><marc:subfield code="5">h</marc:subfield><marc:subfield code="3">12069600</marc:subfield><marc:subfield code="7">ba0yba0y</marc:subfield><marc:subfield code="8">fre   </marc:subfield><marc:subfield code="a">Roman biographique</marc:subfield></marc:datafield><marc:datafield tag="580" ind1=" " ind2="0"><marc:subfield code="5">h</marc:subfield><marc:subfield code="3">16536440</marc:subfield><marc:subfield code="7">ba0yba0y</marc:subfield><marc:subfield code="8">fre   </marc:subfield><marc:subfield code="a">Théâtre biographique</marc:subfield></marc:datafield><marc:datafield tag="580" ind1=" " ind2="0"><marc:subfield code="5">g</marc:subfield><marc:subfield code="3">11939456</marc:subfield><marc:subfield code="7">ba0yba0y</marc:subfield><marc:subfield code="8">fre   </marc:subfield><marc:subfield code="a">Littérature</marc:subfield></marc:datafield><marc:datafield tag="686" ind1=" " ind2=" "><marc:subfield code="a">801</marc:subfield><marc:subfield code="c">Poésie</marc:subfield><marc:subfield code="2">Note de regroupement par domaine</marc:subfield></marc:datafield><marc:datafield tag="686" ind1=" " ind2=" "><marc:subfield code="a">900</marc:subfield><marc:subfield code="c">Histoire et géographie (généralités)</marc:subfield><marc:subfield code="2">Note de regroupement par domaine</marc:subfield></marc:datafield><marc:datafield tag="801" ind1=" " ind2=" "><marc:subfield code="a">FR</marc:subfield><marc:subfield code="b">FR-751131015</marc:subfield><marc:subfield code="c">20220420</marc:subfield></marc:datafield><marc:datafield tag="810" ind1=" " ind2=" "><marc:subfield code="a">Grand Larousse universel</marc:subfield><marc:subfield code="a">Grand Robert de la langue française, 2001</marc:subfield><marc:subfield code="a">Trésor de la langue française - http://atilf.atilf.fr (2021-04-06)</marc:subfield></marc:datafield><marc:datafield tag="810" ind1=" " ind2=" "><marc:subfield code="a">Dict. des termes littéraires, 2005</marc:subfield><marc:subfield code="a">Dict. du littéraire / P. Aron, D. Saint-Jacques, A. Viala, 2002</marc:subfield></marc:datafield><marc:datafield tag="822" ind1="1" ind2="2"><marc:subfield code="a">Biography</marc:subfield><marc:subfield code="2">LCSH</marc:subfield><marc:subfield code="u">http://id.loc.gov/authorities/subjects/sh85014152</marc:subfield><marc:subfield code="d">2022-04-20</marc:subfield></marc:datafield><marc:datafield tag="822" ind1="1" ind2="2"><marc:subfield code="a">Biography</marc:subfield><marc:subfield code="2">LCSH</marc:subfield><marc:subfield code="u">http://id.loc.gov/authorities/subjects/sh99001237</marc:subfield><marc:subfield code="d">2022-04-20</marc:subfield></marc:datafield><marc:datafield tag="822" ind1="1" ind2="2"><marc:subfield code="a">Biography</marc:subfield><marc:subfield code="2">LCSH</marc:subfield><marc:subfield code="u">http://id.loc.gov/authorities/subjects/sh99004833</marc:subfield><marc:subfield code="d">2022-04-20</marc:subfield></marc:datafield><marc:datafield tag="822" ind1="1" ind2="2"><marc:subfield code="a">Biographies</marc:subfield><marc:subfield code="2">RVMLaval</marc:subfield><marc:subfield code="d">2022-04-20</marc:subfield></marc:datafield><marc:datafield tag="822" ind1="1" ind2="6"><marc:subfield code="a">Biography as a literary form</marc:subfield><marc:subfield code="2">LCSH</marc:subfield><marc:subfield code="u">http://id.loc.gov/authorities/subjects/sh85014164</marc:subfield><marc:subfield code="d">2022-04-20</marc:subfield></marc:datafield><marc:datafield tag="822" ind1="1" ind2="6"><marc:subfield code="a">Biographie (genre littéraire)</marc:subfield><marc:subfield code="2">RVMLaval</marc:subfield><marc:subfield code="d">2022-04-20</marc:subfield></marc:datafield><marc:datafield tag="856" ind1=" " ind2=" "><marc:subfield code="u">http://atilf.atilf.fr</marc:subfield><marc:subfield code="e">2021-04-06</marc:subfield></marc:datafield></marc:record>