<marc:record><marc:leader>01052cx  a2200265   4500</marc:leader><marc:controlfield tag="001">FRBNF162593964</marc:controlfield><marc:controlfield tag="003">http://catalogue.bnf.fr/ark:/12148/cb162593967</marc:controlfield><marc:controlfield tag="005">20110126</marc:controlfield><marc:datafield tag="010" ind1=" " ind2=" "><marc:subfield code="a">0000000109768225</marc:subfield><marc:subfield code="2">VIAF</marc:subfield><marc:subfield code="d">20130807</marc:subfield></marc:datafield><marc:datafield tag="100" ind1=" " ind2=" "><marc:subfield code="a">20110125afrey50      ba0</marc:subfield></marc:datafield><marc:datafield tag="101" ind1=" " ind2=" "><marc:subfield code="a">eng</marc:subfield></marc:datafield><marc:datafield tag="102" ind1=" " ind2=" "><marc:subfield code="a">XX</marc:subfield></marc:datafield><marc:datafield tag="103" ind1=" " ind2=" "><marc:subfield code="a"> 19..</marc:subfield></marc:datafield><marc:datafield tag="105" ind1=" " ind2=" "><marc:subfield code="a">a</marc:subfield></marc:datafield><marc:datafield tag="106" ind1=" " ind2=" "><marc:subfield code="a">1</marc:subfield></marc:datafield><marc:datafield tag="120" ind1=" " ind2=" "><marc:subfield code="a">b</marc:subfield></marc:datafield><marc:datafield tag="152" ind1=" " ind2=" "><marc:subfield code="c">2</marc:subfield></marc:datafield><marc:datafield tag="200" ind1=" " ind2=" "><marc:subfield code="7">ba0yba0y</marc:subfield><marc:subfield code="8">fre   </marc:subfield><marc:subfield code="9"> 0 </marc:subfield><marc:subfield code="a">Eighteen-Bisang</marc:subfield><marc:subfield code="b">Robert</marc:subfield></marc:datafield><marc:datafield tag="300" ind1="0" ind2=" "><marc:subfield code="a">Vit à White Rock, Canada (en 2008)</marc:subfield></marc:datafield><marc:datafield tag="400" ind1=" " ind2=" "><marc:subfield code="7">ba0yba0y</marc:subfield><marc:subfield code="8">fre   </marc:subfield><marc:subfield code="a">Bisang</marc:subfield><marc:subfield code="b">Robert Eighteen-</marc:subfield></marc:datafield><marc:datafield tag="801" ind1=" " ind2=" "><marc:subfield code="a">FR</marc:subfield><marc:subfield code="b">FR-751131015</marc:subfield><marc:subfield code="c">20110126</marc:subfield></marc:datafield><marc:datafield tag="810" ind1=" " ind2=" "><marc:subfield code="a">Bram Stoker&apos;s notes for &quot;Dracula&quot; : a facsimile edition / annotated and transcribed by Robert Eighteen-Bisang and Elizabeth Miller, 2008</marc:subfield></marc:datafield><marc:datafield tag="810" ind1=" " ind2=" "><marc:subfield code="a">LC authorities - http://authorities.loc.gov (2011-01-25)</marc:subfield><marc:subfield code="a">British library - http://www.bl.uk (2011-01-26)</marc:subfield></marc:datafield><marc:datafield tag="815" ind1=" " ind2=" "><marc:subfield code="a">Bibliothèque et archives Canada : http://amicus.collectionscanada.gc.ca (2011-01-26)</marc:subfield></marc:datafield><marc:datafield tag="856" ind1=" " ind2=" "><marc:subfield code="u">http://authorities.loc.gov</marc:subfield><marc:subfield code="e">2011-01-25</marc:subfield><marc:subfield code="u">http://www.bl.uk</marc:subfield><marc:subfield code="e">2011-01-26</marc:subfield></marc:datafield></marc:record>