<marc:record><marc:leader>01004cx  a2200253   4500</marc:leader><marc:controlfield tag="001">FRBNF140915238</marc:controlfield><marc:controlfield tag="003">http://catalogue.bnf.fr/ark:/12148/cb14091523v</marc:controlfield><marc:controlfield tag="005">20220408</marc:controlfield><marc:datafield tag="010" ind1=" " ind2=" "><marc:subfield code="a">0000000021283813</marc:subfield><marc:subfield code="2">VIAF</marc:subfield><marc:subfield code="d">20130801</marc:subfield></marc:datafield><marc:datafield tag="100" ind1=" " ind2=" "><marc:subfield code="a">20030310afrey50      ba0</marc:subfield></marc:datafield><marc:datafield tag="101" ind1=" " ind2=" "><marc:subfield code="a">eng</marc:subfield></marc:datafield><marc:datafield tag="102" ind1=" " ind2=" "><marc:subfield code="a">GB</marc:subfield></marc:datafield><marc:datafield tag="103" ind1=" " ind2=" "><marc:subfield code="a"> 18791202  19581025</marc:subfield></marc:datafield><marc:datafield tag="105" ind1=" " ind2=" "><marc:subfield code="a">a</marc:subfield></marc:datafield><marc:datafield tag="106" ind1=" " ind2=" "><marc:subfield code="a">1</marc:subfield></marc:datafield><marc:datafield tag="120" ind1=" " ind2=" "><marc:subfield code="a">b</marc:subfield></marc:datafield><marc:datafield tag="152" ind1=" " ind2=" "><marc:subfield code="c">2</marc:subfield></marc:datafield><marc:datafield tag="200" ind1=" " ind2=" "><marc:subfield code="7">ba0yba0y</marc:subfield><marc:subfield code="8">fre   </marc:subfield><marc:subfield code="9"> 0 </marc:subfield><marc:subfield code="a">Deane</marc:subfield><marc:subfield code="b">Hamilton</marc:subfield><marc:subfield code="f">1879-1958</marc:subfield></marc:datafield><marc:datafield tag="300" ind1="0" ind2=" "><marc:subfield code="a">Scénariste et comédien</marc:subfield></marc:datafield><marc:datafield tag="301" ind1=" " ind2=" "><marc:subfield code="a">New Ross (Irlande)</marc:subfield><marc:subfield code="b">Londres (Royaume Uni)</marc:subfield></marc:datafield><marc:datafield tag="801" ind1=" " ind2=" "><marc:subfield code="a">FR</marc:subfield><marc:subfield code="b">FR-751131015</marc:subfield><marc:subfield code="c">20220408</marc:subfield></marc:datafield><marc:datafield tag="810" ind1=" " ind2=" "><marc:subfield code="a">Dracula [Images animées] / Tod Browning, réal. ; Hamilton Deane, John L. Balderston, aut. adaptés, adapt., 1999</marc:subfield></marc:datafield><marc:datafield tag="810" ind1=" " ind2=" "><marc:subfield code="a">IMDb - https://www.imdb.com/name/nm0213019/?ref_=fn_al_nm_1 (2011-02-14) (2022-04-08)</marc:subfield><marc:subfield code="a">Internet Broadway database - http://www.ibdb.com (2005-05-30)</marc:subfield></marc:datafield><marc:datafield tag="856" ind1=" " ind2=" "><marc:subfield code="u">https://www.imdb.com/name/nm0213019/?ref_=fn_al_nm_1</marc:subfield><marc:subfield code="e">2011-02-14</marc:subfield><marc:subfield code="e">2022-04-08</marc:subfield><marc:subfield code="u">http://www.ibdb.com/</marc:subfield><marc:subfield code="e">2005-05-30</marc:subfield></marc:datafield></marc:record>