<marc:record><marc:leader>00927cx  a2200229   4500</marc:leader><marc:controlfield tag="001">FRBNF139556382</marc:controlfield><marc:controlfield tag="003">http://catalogue.bnf.fr/ark:/12148/cb13955638q</marc:controlfield><marc:controlfield tag="005">20201029</marc:controlfield><marc:datafield tag="010" ind1=" " ind2=" "><marc:subfield code="a">0000000114910388</marc:subfield><marc:subfield code="2">VIAF</marc:subfield><marc:subfield code="d">20130731</marc:subfield></marc:datafield><marc:datafield tag="100" ind1=" " ind2=" "><marc:subfield code="a">19930521afrey50      ba0</marc:subfield></marc:datafield><marc:datafield tag="102" ind1=" " ind2=" "><marc:subfield code="a">GB</marc:subfield></marc:datafield><marc:datafield tag="103" ind1=" " ind2=" "><marc:subfield code="a"> 19621026</marc:subfield></marc:datafield><marc:datafield tag="105" ind1=" " ind2=" "><marc:subfield code="a">i</marc:subfield><marc:subfield code="a">a</marc:subfield></marc:datafield><marc:datafield tag="106" ind1=" " ind2=" "><marc:subfield code="a">1</marc:subfield></marc:datafield><marc:datafield tag="120" ind1=" " ind2=" "><marc:subfield code="a">b</marc:subfield></marc:datafield><marc:datafield tag="152" ind1=" " ind2=" "><marc:subfield code="c">2</marc:subfield></marc:datafield><marc:datafield tag="200" ind1=" " ind2=" "><marc:subfield code="7">ba0yba0y</marc:subfield><marc:subfield code="8">fre   </marc:subfield><marc:subfield code="9"> 0 </marc:subfield><marc:subfield code="a">Elwes</marc:subfield><marc:subfield code="b">Cary</marc:subfield><marc:subfield code="f">1962-....</marc:subfield></marc:datafield><marc:datafield tag="300" ind1="0" ind2=" "><marc:subfield code="a">Acteur. - Scénariste</marc:subfield></marc:datafield><marc:datafield tag="801" ind1=" " ind2=" "><marc:subfield code="a">FR</marc:subfield><marc:subfield code="b">FR-751131015</marc:subfield><marc:subfield code="c">20201029</marc:subfield></marc:datafield><marc:datafield tag="810" ind1=" " ind2=" "><marc:subfield code="a">Elvis &amp; Nixon [Images animées] / Liza Johnson, réal. ; Cary Elwes, scénario. Warner Bros entertainment France, 2016</marc:subfield></marc:datafield><marc:datafield tag="810" ind1=" " ind2=" "><marc:subfield code="a">Première, n ° 178, Janvier 1992</marc:subfield><marc:subfield code="a">IMDB - https://www.imdb.com/name/nm0000144 (2020-10-29)</marc:subfield><marc:subfield code="a">Wikipedia - https://en.wikipedia.org/wiki/Cary_Elwes (2020-10-29)</marc:subfield></marc:datafield><marc:datafield tag="856" ind1=" " ind2=" "><marc:subfield code="u">https://www.imdb.com/name/nm0000144/</marc:subfield><marc:subfield code="e">2020-10-29</marc:subfield><marc:subfield code="u">https://en.wikipedia.org/wiki/Cary_Elwes</marc:subfield><marc:subfield code="e">2020-10-29</marc:subfield></marc:datafield></marc:record>