<marc:record><marc:leader>02273cx  b2200385   4500</marc:leader><marc:controlfield tag="001">FRBNF139055026</marc:controlfield><marc:controlfield tag="003">http://catalogue.bnf.fr/ark:/12148/cb13905502d</marc:controlfield><marc:controlfield tag="005">20110719</marc:controlfield><marc:datafield tag="010" ind1=" " ind2=" "><marc:subfield code="a">0000000123236161</marc:subfield><marc:subfield code="2">ISNI</marc:subfield><marc:subfield code="d">20131217</marc:subfield></marc:datafield><marc:datafield tag="100" ind1=" " ind2=" "><marc:subfield code="a">19890601afrey50      ba0</marc:subfield></marc:datafield><marc:datafield tag="102" ind1=" " ind2=" "><marc:subfield code="a">FR</marc:subfield></marc:datafield><marc:datafield tag="103" ind1=" " ind2=" "><marc:subfield code="a"> 1669</marc:subfield></marc:datafield><marc:datafield tag="105" ind1=" " ind2=" "><marc:subfield code="a">a</marc:subfield><marc:subfield code="a">i</marc:subfield></marc:datafield><marc:datafield tag="106" ind1=" " ind2=" "><marc:subfield code="a">010</marc:subfield></marc:datafield><marc:datafield tag="150" ind1=" " ind2=" "><marc:subfield code="a">z</marc:subfield><marc:subfield code="b">v8</marc:subfield></marc:datafield><marc:datafield tag="210" ind1=" " ind2=" "><marc:subfield code="7">ba0yba0y</marc:subfield><marc:subfield code="8">fre   </marc:subfield><marc:subfield code="9">20 </marc:subfield><marc:subfield code="a">Opéra national de Paris</marc:subfield><marc:subfield code="b">Orchestre</marc:subfield></marc:datafield><marc:datafield tag="300" ind1=" " ind2=" "><marc:subfield code="a">Résultat de la fusion des orchestres de  l&apos;Opéra et de l&apos;Opéra comique (1972). - Son histoire est la même que celle de l&apos;Académie de musique fondée en 1669</marc:subfield></marc:datafield><marc:datafield tag="303" ind1=" " ind2=" "><marc:subfield code="a">120 rue de Lyon, 75576 Paris Cedex 12</marc:subfield></marc:datafield><marc:datafield tag="307" ind1=" " ind2=" "><marc:subfield code="a">Philippe Jordan (2009-....)</marc:subfield><marc:subfield code="a">Conlon James, direction (1996-....)</marc:subfield><marc:subfield code="a">Varviso, Silvio, direction</marc:subfield><marc:subfield code="a">Chung, Myung Whun, direction</marc:subfield><marc:subfield code="a">Dervaux, Pierre, direction</marc:subfield></marc:datafield><marc:datafield tag="410" ind1=" " ind2=" "><marc:subfield code="7">ba0yba0y</marc:subfield><marc:subfield code="8">fre   </marc:subfield><marc:subfield code="a">Orchestre de l&apos;Opéra national de Paris</marc:subfield></marc:datafield><marc:datafield tag="410" ind1=" " ind2=" "><marc:subfield code="7">ba0yba0y</marc:subfield><marc:subfield code="8">fre   </marc:subfield><marc:subfield code="a">Orchestre de l&apos;Opéra de Paris</marc:subfield></marc:datafield><marc:datafield tag="410" ind1=" " ind2=" "><marc:subfield code="7">ba0yba0y</marc:subfield><marc:subfield code="8">fre   </marc:subfield><marc:subfield code="a">Orchestre de l&apos;Opéra Bastille</marc:subfield></marc:datafield><marc:datafield tag="410" ind1=" " ind2=" "><marc:subfield code="7">ba0yba0y</marc:subfield><marc:subfield code="8">fre   </marc:subfield><marc:subfield code="a">Orchestre du Théâtre national de l&apos;opéra</marc:subfield></marc:datafield><marc:datafield tag="410" ind1=" " ind2=" "><marc:subfield code="7">ba0yba0y</marc:subfield><marc:subfield code="8">fre   </marc:subfield><marc:subfield code="a">Orchestre de l&apos;Académie nationale de musique</marc:subfield></marc:datafield><marc:datafield tag="500" ind1=" " ind2=" "><marc:subfield code="5">z</marc:subfield><marc:subfield code="0">Dirigé par : </marc:subfield><marc:subfield code="3">14655986</marc:subfield><marc:subfield code="7">ba0yba0y</marc:subfield><marc:subfield code="8">fre   </marc:subfield><marc:subfield code="9"> 0 </marc:subfield><marc:subfield code="a">Jordan</marc:subfield><marc:subfield code="b">Philippe</marc:subfield><marc:subfield code="f">1974-....</marc:subfield></marc:datafield><marc:datafield tag="500" ind1=" " ind2=" "><marc:subfield code="5">z</marc:subfield><marc:subfield code="0">Dirigé par : </marc:subfield><marc:subfield code="3">13892679</marc:subfield><marc:subfield code="7">ba0yba0y</marc:subfield><marc:subfield code="8">fre   </marc:subfield><marc:subfield code="9"> 0 </marc:subfield><marc:subfield code="a">Conlon</marc:subfield><marc:subfield code="b">James</marc:subfield><marc:subfield code="f">1950-....</marc:subfield></marc:datafield><marc:datafield tag="500" ind1=" " ind2=" "><marc:subfield code="5">z</marc:subfield><marc:subfield code="0">Dirigé par : </marc:subfield><marc:subfield code="3">13892505</marc:subfield><marc:subfield code="7">ba0yba0y</marc:subfield><marc:subfield code="8">fre   </marc:subfield><marc:subfield code="9"> 0 </marc:subfield><marc:subfield code="a">Chung</marc:subfield><marc:subfield code="b">Myung-Whun</marc:subfield><marc:subfield code="f">1953-....</marc:subfield></marc:datafield><marc:datafield tag="500" ind1=" " ind2=" "><marc:subfield code="5">z</marc:subfield><marc:subfield code="0">Dirigé par : </marc:subfield><marc:subfield code="3">13900765</marc:subfield><marc:subfield code="7">ba0yba0y</marc:subfield><marc:subfield code="8">fre   </marc:subfield><marc:subfield code="9"> 0 </marc:subfield><marc:subfield code="a">Varviso</marc:subfield><marc:subfield code="b">Silvio</marc:subfield><marc:subfield code="f">1924-2006</marc:subfield></marc:datafield><marc:datafield tag="500" ind1=" " ind2=" "><marc:subfield code="5">z</marc:subfield><marc:subfield code="0">Dirigé par : </marc:subfield><marc:subfield code="3">13893197</marc:subfield><marc:subfield code="7">ba0yba0y</marc:subfield><marc:subfield code="8">fre   </marc:subfield><marc:subfield code="9"> 0 </marc:subfield><marc:subfield code="a">Dervaux</marc:subfield><marc:subfield code="b">Pierre</marc:subfield><marc:subfield code="f">1917-1992</marc:subfield></marc:datafield><marc:datafield tag="686" ind1=" " ind2=" "><marc:subfield code="a">780</marc:subfield><marc:subfield code="c">Musique</marc:subfield><marc:subfield code="2">Note de regroupement par domaine</marc:subfield></marc:datafield><marc:datafield tag="801" ind1=" " ind2=" "><marc:subfield code="a">FR</marc:subfield><marc:subfield code="b">FR-751131015</marc:subfield><marc:subfield code="c">20110719</marc:subfield></marc:datafield><marc:datafield tag="810" ind1=" " ind2=" "><marc:subfield code="a">Symphonie fantastique [Enregistrement sonore] / Hector Berlioz ; Orchestre National de la Radiodiffusion Française, Orchestre du Théâtre National de l&apos;Opéra,  André Cluytens. Testament SBT 1234</marc:subfield><marc:subfield code="a">Eine Alpensinfonie [Enregistrement sonore] / Strauss, comp. ; Philippe Jordan, dir... [et al.]. Naïve V 5233</marc:subfield></marc:datafield><marc:datafield tag="810" ind1=" " ind2=" "><marc:subfield code="a">LC authorities - http://authorities.loc.gov (2005-05-31)</marc:subfield></marc:datafield><marc:datafield tag="856" ind1=" " ind2=" "><marc:subfield code="u">http://www.opera-de-paris.fr</marc:subfield><marc:subfield code="e">2003-06-17</marc:subfield></marc:datafield><marc:datafield tag="856" ind1=" " ind2=" "><marc:subfield code="u">http://authorities.loc.gov</marc:subfield><marc:subfield code="e">2005-05-31</marc:subfield></marc:datafield></marc:record>