<marc:record><marc:leader>01153cx  a2200253   4500</marc:leader><marc:controlfield tag="001">FRBNF168030549</marc:controlfield><marc:controlfield tag="003">http://catalogue.bnf.fr/ark:/12148/cb168030541</marc:controlfield><marc:controlfield tag="005">20200212</marc:controlfield><marc:datafield tag="010" ind1=" " ind2=" "><marc:subfield code="a">0000000368974373</marc:subfield><marc:subfield code="2">ISNI</marc:subfield><marc:subfield code="d">20161107</marc:subfield></marc:datafield><marc:datafield tag="100" ind1=" " ind2=" "><marc:subfield code="a">20140813afrey50      ba0</marc:subfield></marc:datafield><marc:datafield tag="101" ind1=" " ind2=" "><marc:subfield code="a">fre</marc:subfield></marc:datafield><marc:datafield tag="102" ind1=" " ind2=" "><marc:subfield code="a">FR</marc:subfield></marc:datafield><marc:datafield tag="103" ind1=" " ind2=" "><marc:subfield code="a"> 19781011</marc:subfield></marc:datafield><marc:datafield tag="105" ind1=" " ind2=" "><marc:subfield code="a">a</marc:subfield></marc:datafield><marc:datafield tag="106" ind1=" " ind2=" "><marc:subfield code="a">1</marc:subfield></marc:datafield><marc:datafield tag="120" ind1=" " ind2=" "><marc:subfield code="a">b</marc:subfield></marc:datafield><marc:datafield tag="200" ind1=" " ind2=" "><marc:subfield code="7">ba0yba0y</marc:subfield><marc:subfield code="8">fre   </marc:subfield><marc:subfield code="9"> 0 </marc:subfield><marc:subfield code="a">Svart</marc:subfield><marc:subfield code="f">1978-....</marc:subfield></marc:datafield><marc:datafield tag="300" ind1="0" ind2=" "><marc:subfield code="a">Illustrateur, auteur de bandes dessinées. - Pseudonyme de Fabrice Gagos. - Publie aussi sous son patronyme</marc:subfield></marc:datafield><marc:datafield tag="500" ind1=" " ind2=" "><marc:subfield code="5">z</marc:subfield><marc:subfield code="0">Voir aussi</marc:subfield><marc:subfield code="3">16617500</marc:subfield><marc:subfield code="7">ba0yba0y</marc:subfield><marc:subfield code="8">fre   </marc:subfield><marc:subfield code="9"> 0 </marc:subfield><marc:subfield code="a">Gagos</marc:subfield><marc:subfield code="b">Fabrice</marc:subfield><marc:subfield code="f">1978-...</marc:subfield></marc:datafield><marc:datafield tag="801" ind1=" " ind2=" "><marc:subfield code="a">FR</marc:subfield><marc:subfield code="b">FR-751131015</marc:subfield><marc:subfield code="c">20200212</marc:subfield></marc:datafield><marc:datafield tag="810" ind1=" " ind2=" "><marc:subfield code="a">Snoopy et le petit monde des Peanuts. 2 / Charles M. Schulz ; couleurs Charles M. Schulz &amp; Svart, 2014</marc:subfield><marc:subfield code="a">Le petit tapping : l&apos;EFT des enfants ! / Geneviève Gagos ; illustrations, Svart, DL 2015</marc:subfield></marc:datafield><marc:datafield tag="810" ind1=" " ind2=" "><marc:subfield code="a">Bédéthèque : patronyme révélé - http://www.bedetheque.com/biblio-auteur-29812-BD-Gagos-Fabrice.html (2016-01-26)</marc:subfield></marc:datafield><marc:datafield tag="856" ind1=" " ind2=" "><marc:subfield code="u">http://svart.fr/</marc:subfield><marc:subfield code="e">2016-01-26</marc:subfield></marc:datafield><marc:datafield tag="856" ind1=" " ind2=" "><marc:subfield code="u">http://www.bedetheque.com/biblio-auteur-29812-BD-Gagos-Fabrice.html</marc:subfield><marc:subfield code="e">2016-01-26</marc:subfield></marc:datafield></marc:record>