<marc:record><marc:leader>00890cx  a2200229   4500</marc:leader><marc:controlfield tag="001">FRBNF146862326</marc:controlfield><marc:controlfield tag="003">http://catalogue.bnf.fr/ark:/12148/cb146862321</marc:controlfield><marc:controlfield tag="005">20210810</marc:controlfield><marc:datafield tag="010" ind1=" " ind2=" "><marc:subfield code="a">0000000503355701</marc:subfield><marc:subfield code="2">ISNI</marc:subfield><marc:subfield code="d">20210818</marc:subfield></marc:datafield><marc:datafield tag="100" ind1=" " ind2=" "><marc:subfield code="a">20050825afrey50      ba0</marc:subfield></marc:datafield><marc:datafield tag="101" ind1=" " ind2=" "><marc:subfield code="a">jpn</marc:subfield></marc:datafield><marc:datafield tag="102" ind1=" " ind2=" "><marc:subfield code="a">JP</marc:subfield></marc:datafield><marc:datafield tag="103" ind1=" " ind2=" "><marc:subfield code="a"> 1935</marc:subfield></marc:datafield><marc:datafield tag="105" ind1=" " ind2=" "><marc:subfield code="a">a</marc:subfield><marc:subfield code="a">c</marc:subfield></marc:datafield><marc:datafield tag="106" ind1=" " ind2=" "><marc:subfield code="a">010</marc:subfield></marc:datafield><marc:datafield tag="120" ind1=" " ind2=" "><marc:subfield code="a">a</marc:subfield></marc:datafield><marc:datafield tag="152" ind1=" " ind2=" "><marc:subfield code="c">2</marc:subfield></marc:datafield><marc:datafield tag="200" ind1=" " ind2=" "><marc:subfield code="7">ba0yba0y</marc:subfield><marc:subfield code="8">fre   </marc:subfield><marc:subfield code="9"> 0 </marc:subfield><marc:subfield code="a">Kruk-Nishioka</marc:subfield><marc:subfield code="b">Reiko</marc:subfield><marc:subfield code="f">1935-....</marc:subfield></marc:datafield><marc:datafield tag="300" ind1=" " ind2=" "><marc:subfield code="a">Costumière de théâtre, maquilleuse</marc:subfield></marc:datafield><marc:datafield tag="400" ind1=" " ind2=" "><marc:subfield code="7">ba0yba0y</marc:subfield><marc:subfield code="8">fre   </marc:subfield><marc:subfield code="a">Nishioka</marc:subfield><marc:subfield code="b">Reiko Kruk-</marc:subfield></marc:datafield><marc:datafield tag="801" ind1=" " ind2=" "><marc:subfield code="a">FR</marc:subfield><marc:subfield code="b">FR-751131015</marc:subfield><marc:subfield code="c">20210810</marc:subfield></marc:datafield><marc:datafield tag="810" ind1=" " ind2=" "><marc:subfield code="a">Hôtel de l&apos;Homme Sauvage [spectacle] / mise en scène de Stuart Seide ; costumes de Reiko Kurk ... - Paris : Théâtre national de Chaillot, 1985</marc:subfield><marc:subfield code="a">Les libellules rouges / Reiko Kruk-Nishioka ; traduit du japonais par Patrick Honnoré ; illustrations de Reiko Kruk, DL 2020</marc:subfield></marc:datafield></marc:record>