<marc:record><marc:leader>01277cx  a2200253   4500</marc:leader><marc:controlfield tag="001">FRBNF11913982X</marc:controlfield><marc:controlfield tag="003">http://catalogue.bnf.fr/ark:/12148/cb11913982f</marc:controlfield><marc:controlfield tag="005">20160118</marc:controlfield><marc:datafield tag="010" ind1=" " ind2=" "><marc:subfield code="a">000000010775791X</marc:subfield><marc:subfield code="2">VIAF</marc:subfield><marc:subfield code="d">20130724</marc:subfield></marc:datafield><marc:datafield tag="039" ind1=" " ind2=" "><marc:subfield code="o">OPL</marc:subfield><marc:subfield code="a">001066640</marc:subfield></marc:datafield><marc:datafield tag="100" ind1=" " ind2=" "><marc:subfield code="a">19760219afrey50      ba0</marc:subfield></marc:datafield><marc:datafield tag="101" ind1=" " ind2=" "><marc:subfield code="a">fre</marc:subfield></marc:datafield><marc:datafield tag="102" ind1=" " ind2=" "><marc:subfield code="a">FR</marc:subfield></marc:datafield><marc:datafield tag="103" ind1=" " ind2=" "><marc:subfield code="a"> 19..</marc:subfield></marc:datafield><marc:datafield tag="105" ind1=" " ind2=" "><marc:subfield code="a">a</marc:subfield></marc:datafield><marc:datafield tag="106" ind1=" " ind2=" "><marc:subfield code="a">1</marc:subfield></marc:datafield><marc:datafield tag="120" ind1=" " ind2=" "><marc:subfield code="a">b</marc:subfield></marc:datafield><marc:datafield tag="200" ind1=" " ind2=" "><marc:subfield code="7">ba0yba0y</marc:subfield><marc:subfield code="8">fre   </marc:subfield><marc:subfield code="9"> 0 </marc:subfield><marc:subfield code="a">Maillet</marc:subfield><marc:subfield code="b">Dominique</marc:subfield><marc:subfield code="f">19..-....</marc:subfield><marc:subfield code="c">cinéaste</marc:subfield></marc:datafield><marc:datafield tag="300" ind1="0" ind2=" "><marc:subfield code="a">Cinéaste et journaliste. - Co-fondateur de la revue &quot;Cinématographe&quot;. Producteur de courts métrages et documentariste</marc:subfield></marc:datafield><marc:datafield tag="801" ind1=" " ind2=" "><marc:subfield code="a">FR</marc:subfield><marc:subfield code="b">FR-751131015</marc:subfield><marc:subfield code="c">20160118</marc:subfield></marc:datafield><marc:datafield tag="810" ind1=" " ind2=" "><marc:subfield code="a">Philippe Noiret / Dominique Maillet, 1989</marc:subfield><marc:subfield code="a">An lumière ! les directeurs de la photographie vus par les cinéastes / entretiens réalisés par Dominique Maillet, 2001</marc:subfield></marc:datafield><marc:datafield tag="810" ind1=" " ind2=" "><marc:subfield code="a">IMDb - http://www.imdb.com/name/nm0537608 (2014-01-16)</marc:subfield><marc:subfield code="a">UniFrance - http://www.unifrance.org/annuaires/personne/32029/dominique-maillet (2016-01-18)</marc:subfield></marc:datafield><marc:datafield tag="815" ind1=" " ind2=" "><marc:subfield code="a">Courrier, 1994-05, Ed. Veyrier (12 rue de Nesle, 75006, Paris) : retour à l&apos;envoyeur, n&apos;habite plus à l&apos;adresse indiquée</marc:subfield></marc:datafield><marc:datafield tag="856" ind1=" " ind2=" "><marc:subfield code="u">http://www.imdb.com/name/nm0537608</marc:subfield><marc:subfield code="e">2014-01-16</marc:subfield><marc:subfield code="u">http://www.unifrance.org/annuaires/personne/32029/dominique-maillet</marc:subfield><marc:subfield code="e">2016-01-18</marc:subfield></marc:datafield></marc:record>