<marc:record><marc:leader>01370cx  b2200373   4500</marc:leader><marc:controlfield tag="001">FRBNF118785787</marc:controlfield><marc:controlfield tag="003">http://catalogue.bnf.fr/ark:/12148/cb11878578c</marc:controlfield><marc:controlfield tag="005">20040816</marc:controlfield><marc:datafield tag="010" ind1=" " ind2=" "><marc:subfield code="a">000000040497825X</marc:subfield><marc:subfield code="2">ISNI</marc:subfield><marc:subfield code="d">20150312</marc:subfield></marc:datafield><marc:datafield tag="010" ind1=" " ind2=" "><marc:subfield code="y">0000000115811998</marc:subfield><marc:subfield code="2">VIAF</marc:subfield><marc:subfield code="d">20130724</marc:subfield></marc:datafield><marc:datafield tag="039" ind1=" " ind2=" "><marc:subfield code="o">OPL</marc:subfield><marc:subfield code="a">01039304X</marc:subfield><marc:subfield code="z">AMA</marc:subfield></marc:datafield><marc:datafield tag="039" ind1=" " ind2=" "><marc:subfield code="o">OPL</marc:subfield><marc:subfield code="a">000263179</marc:subfield><marc:subfield code="z">ACO</marc:subfield></marc:datafield><marc:datafield tag="100" ind1=" " ind2=" "><marc:subfield code="a">19800512afrey50      ba0</marc:subfield></marc:datafield><marc:datafield tag="101" ind1=" " ind2=" "><marc:subfield code="a">fre</marc:subfield><marc:subfield code="a">eng</marc:subfield></marc:datafield><marc:datafield tag="102" ind1=" " ind2=" "><marc:subfield code="a">CA</marc:subfield></marc:datafield><marc:datafield tag="103" ind1=" " ind2=" "><marc:subfield code="a"> 19361102</marc:subfield></marc:datafield><marc:datafield tag="105" ind1=" " ind2=" "><marc:subfield code="a">a</marc:subfield><marc:subfield code="c">a</marc:subfield><marc:subfield code="d">h</marc:subfield><marc:subfield code="c">e</marc:subfield><marc:subfield code="c">d</marc:subfield><marc:subfield code="c">s</marc:subfield></marc:datafield><marc:datafield tag="106" ind1=" " ind2=" "><marc:subfield code="a">010</marc:subfield></marc:datafield><marc:datafield tag="150" ind1=" " ind2=" "><marc:subfield code="a">z</marc:subfield><marc:subfield code="b">b6</marc:subfield></marc:datafield><marc:datafield tag="152" ind1=" " ind2=" "><marc:subfield code="c">2</marc:subfield></marc:datafield><marc:datafield tag="210" ind1=" " ind2=" "><marc:subfield code="7">ba0yba0y</marc:subfield><marc:subfield code="8">frefre</marc:subfield><marc:subfield code="9">20 </marc:subfield><marc:subfield code="a">Société Radio-Canada</marc:subfield></marc:datafield><marc:datafield tag="300" ind1=" " ind2=" "><marc:subfield code="a">Radio-télévision canadienne</marc:subfield></marc:datafield><marc:datafield tag="303" ind1=" " ind2=" "><marc:subfield code="a">Relations écrites avec l&apos;auditoire C.P. 6000, succ. centre-ville, H3C 3A8 Montreal</marc:subfield></marc:datafield><marc:datafield tag="410" ind1=" " ind2=" "><marc:subfield code="7">ba0yba0y</marc:subfield><marc:subfield code="8">fre   </marc:subfield><marc:subfield code="a">CBC</marc:subfield></marc:datafield><marc:datafield tag="410" ind1=" " ind2=" "><marc:subfield code="7">ba0yba0y</marc:subfield><marc:subfield code="8">fre   </marc:subfield><marc:subfield code="a">SRC</marc:subfield></marc:datafield><marc:datafield tag="410" ind1=" " ind2=" "><marc:subfield code="7">ba0yba0y</marc:subfield><marc:subfield code="8">fre   </marc:subfield><marc:subfield code="a">Radio-Canada</marc:subfield></marc:datafield><marc:datafield tag="410" ind1=" " ind2=" "><marc:subfield code="7">ba0yba0y</marc:subfield><marc:subfield code="8">fre   </marc:subfield><marc:subfield code="a">Canada</marc:subfield><marc:subfield code="b">Secrétariat d&apos;Etat</marc:subfield><marc:subfield code="b">Société Radio-Canada</marc:subfield></marc:datafield><marc:datafield tag="415" ind1=" " ind2=" "><marc:subfield code="7">ba0yba0y</marc:subfield><marc:subfield code="8">fre   </marc:subfield><marc:subfield code="a">Montreal (Canada)</marc:subfield><marc:subfield code="x">Société Radio-Canada</marc:subfield></marc:datafield><marc:datafield tag="415" ind1=" " ind2=" "><marc:subfield code="7">ba0yba0y</marc:subfield><marc:subfield code="8">fre   </marc:subfield><marc:subfield code="a">Montreal (Canada)</marc:subfield><marc:subfield code="x">Canadian Broadcasting corporation</marc:subfield></marc:datafield><marc:datafield tag="686" ind1=" " ind2=" "><marc:subfield code="a">791</marc:subfield><marc:subfield code="c">Audiovisuel</marc:subfield><marc:subfield code="2">Note de regroupement par domaine</marc:subfield></marc:datafield><marc:datafield tag="710" ind1=" " ind2=" "><marc:subfield code="7">ba0yba0y</marc:subfield><marc:subfield code="8">freeng</marc:subfield><marc:subfield code="9">20 </marc:subfield><marc:subfield code="a">Canadian Broadcasting corporation</marc:subfield></marc:datafield><marc:datafield tag="801" ind1=" " ind2=" "><marc:subfield code="a">FR</marc:subfield><marc:subfield code="b">FR-751131015</marc:subfield><marc:subfield code="c">20040816</marc:subfield></marc:datafield><marc:datafield tag="810" ind1=" " ind2=" "><marc:subfield code="a">Canadiana 1988</marc:subfield></marc:datafield><marc:datafield tag="856" ind1=" " ind2=" "><marc:subfield code="u">http://www.radio-canada.ca/</marc:subfield><marc:subfield code="e">2004-08-16</marc:subfield></marc:datafield></marc:record>