<marc:record><marc:leader>01146cx  a2200277   4500</marc:leader><marc:controlfield tag="001">FRBNF141176832</marc:controlfield><marc:controlfield tag="003">http://catalogue.bnf.fr/ark:/12148/cb14117683z</marc:controlfield><marc:controlfield tag="005">20161021</marc:controlfield><marc:datafield tag="010" ind1=" " ind2=" "><marc:subfield code="a">0000000116648619</marc:subfield><marc:subfield code="2">VIAF</marc:subfield><marc:subfield code="d">20130801</marc:subfield></marc:datafield><marc:datafield tag="039" ind1=" " ind2=" "><marc:subfield code="o">OPP</marc:subfield><marc:subfield code="a">14268859</marc:subfield><marc:subfield code="d">20061122</marc:subfield></marc:datafield><marc:datafield tag="100" ind1=" " ind2=" "><marc:subfield code="a">20030310afrey50      ba0</marc:subfield></marc:datafield><marc:datafield tag="101" ind1=" " ind2=" "><marc:subfield code="a">eng</marc:subfield></marc:datafield><marc:datafield tag="102" ind1=" " ind2=" "><marc:subfield code="a">CA</marc:subfield></marc:datafield><marc:datafield tag="103" ind1=" " ind2=" "><marc:subfield code="a"> 19560228</marc:subfield></marc:datafield><marc:datafield tag="105" ind1=" " ind2=" "><marc:subfield code="a">a</marc:subfield><marc:subfield code="a">p</marc:subfield></marc:datafield><marc:datafield tag="106" ind1=" " ind2=" "><marc:subfield code="a">010</marc:subfield></marc:datafield><marc:datafield tag="120" ind1=" " ind2=" "><marc:subfield code="a">b</marc:subfield></marc:datafield><marc:datafield tag="152" ind1=" " ind2=" "><marc:subfield code="c">2</marc:subfield></marc:datafield><marc:datafield tag="200" ind1=" " ind2=" "><marc:subfield code="7">ba0yba0y</marc:subfield><marc:subfield code="8">fre   </marc:subfield><marc:subfield code="9"> 0 </marc:subfield><marc:subfield code="a">Maddin</marc:subfield><marc:subfield code="b">Guy</marc:subfield><marc:subfield code="f">1956-....</marc:subfield></marc:datafield><marc:datafield tag="300" ind1=" " ind2=" "><marc:subfield code="a">Réalisateur, scénariste, producteur</marc:subfield></marc:datafield><marc:datafield tag="530" ind1=" " ind2=" "><marc:subfield code="5">z</marc:subfield><marc:subfield code="0">Réalisateur de : </marc:subfield><marc:subfield code="3">16557059</marc:subfield><marc:subfield code="a">Winnipeg mon amour (film)</marc:subfield></marc:datafield><marc:datafield tag="686" ind1=" " ind2=" "><marc:subfield code="a">791</marc:subfield><marc:subfield code="c">Audiovisuel</marc:subfield><marc:subfield code="2">Note de regroupement par domaine</marc:subfield></marc:datafield><marc:datafield tag="801" ind1=" " ind2=" "><marc:subfield code="a">FR</marc:subfield><marc:subfield code="b">FR-751131015</marc:subfield><marc:subfield code="c">20161021</marc:subfield></marc:datafield><marc:datafield tag="810" ind1=" " ind2=" "><marc:subfield code="a">Careful [images animées] / Guy Maddin, réal. E.D. Distribution, [2005]</marc:subfield><marc:subfield code="a">Into the past : the cinema of Guy Maddin / William Beard, 2010</marc:subfield></marc:datafield><marc:datafield tag="810" ind1=" " ind2=" "><marc:subfield code="a">IMDb - http://www.imdb.fr/name/nm0534665 (2012-11-09)</marc:subfield><marc:subfield code="a">VIAF - https://viaf.org/viaf/68539079/#Maddin,_Guy,_1956-... (2016-10-21)</marc:subfield></marc:datafield><marc:datafield tag="856" ind1=" " ind2=" "><marc:subfield code="u">http://www.imdb.fr/name/nm0534665/</marc:subfield><marc:subfield code="e">2012-11-09</marc:subfield><marc:subfield code="u">https://viaf.org/viaf/68539079/#Maddin,_Guy,_1956-....</marc:subfield><marc:subfield code="e">2016-10-21</marc:subfield></marc:datafield></marc:record>