<marc:record><marc:leader>02678cx  b2200493   4500</marc:leader><marc:controlfield tag="001">FRBNF118656461</marc:controlfield><marc:controlfield tag="003">http://catalogue.bnf.fr/ark:/12148/cb118656463</marc:controlfield><marc:controlfield tag="005">20180511</marc:controlfield><marc:datafield tag="010" ind1=" " ind2=" "><marc:subfield code="a">0000000123224603</marc:subfield><marc:subfield code="2">ISNI</marc:subfield><marc:subfield code="d">20131217</marc:subfield></marc:datafield><marc:datafield tag="039" ind1=" " ind2=" "><marc:subfield code="o">OPL</marc:subfield><marc:subfield code="a">00003620X</marc:subfield><marc:subfield code="z">ACO</marc:subfield></marc:datafield><marc:datafield tag="039" ind1=" " ind2=" "><marc:subfield code="o">OPL</marc:subfield><marc:subfield code="a">001612491</marc:subfield><marc:subfield code="z">AMA</marc:subfield></marc:datafield><marc:datafield tag="039" ind1=" " ind2=" "><marc:subfield code="o">OPP</marc:subfield><marc:subfield code="a">14711795</marc:subfield><marc:subfield code="d">20060523</marc:subfield></marc:datafield><marc:datafield tag="039" ind1=" " ind2=" "><marc:subfield code="o">OPP</marc:subfield><marc:subfield code="a">14950291</marc:subfield><marc:subfield code="d">20090122</marc:subfield></marc:datafield><marc:datafield tag="039" ind1=" " ind2=" "><marc:subfield code="o">OPP</marc:subfield><marc:subfield code="a">10757431</marc:subfield><marc:subfield code="d">20090622</marc:subfield></marc:datafield><marc:datafield tag="039" ind1=" " ind2=" "><marc:subfield code="o">OPP</marc:subfield><marc:subfield code="a">11361436</marc:subfield><marc:subfield code="d">20090622</marc:subfield></marc:datafield><marc:datafield tag="039" ind1=" " ind2=" "><marc:subfield code="o">OPP</marc:subfield><marc:subfield code="a">11357806</marc:subfield><marc:subfield code="d">20090622</marc:subfield></marc:datafield><marc:datafield tag="100" ind1=" " ind2=" "><marc:subfield code="a">19840126afrey50      ba0</marc:subfield></marc:datafield><marc:datafield tag="101" ind1=" " ind2=" "><marc:subfield code="a">fre</marc:subfield></marc:datafield><marc:datafield tag="102" ind1=" " ind2=" "><marc:subfield code="a">FR</marc:subfield></marc:datafield><marc:datafield tag="103" ind1=" " ind2=" "><marc:subfield code="a"> 18710712</marc:subfield></marc:datafield><marc:datafield tag="105" ind1=" " ind2=" "><marc:subfield code="a">a</marc:subfield><marc:subfield code="a">i</marc:subfield><marc:subfield code="c">a</marc:subfield><marc:subfield code="d">h</marc:subfield><marc:subfield code="c">e</marc:subfield><marc:subfield code="d">a</marc:subfield><marc:subfield code="d">r</marc:subfield><marc:subfield code="c">p</marc:subfield></marc:datafield><marc:datafield tag="106" ind1=" " ind2=" "><marc:subfield code="a">011</marc:subfield></marc:datafield><marc:datafield tag="150" ind1=" " ind2=" "><marc:subfield code="a">z</marc:subfield><marc:subfield code="b">t</marc:subfield></marc:datafield><marc:datafield tag="210" ind1=" " ind2=" "><marc:subfield code="7">ba0yba0y</marc:subfield><marc:subfield code="8">fre   </marc:subfield><marc:subfield code="9">20 </marc:subfield><marc:subfield code="a">Opéra national de Paris</marc:subfield></marc:datafield><marc:datafield tag="300" ind1=" " ind2=" "><marc:subfield code="a">A pour origine l&apos;Académie royale (impériale, puis nationale) de musique devenue Théâtre national de l&apos;Opéra le 12-07-1871</marc:subfield></marc:datafield><marc:datafield tag="300" ind1=" " ind2=" "><marc:subfield code="a">Principales étapes et noms correspondants : nationalisé en 1939, l&apos;Opéra de Paris regroupe le Palais Garnier et la Salle Favart ; 07-01-1978) : Théâtre national de l&apos;Opéra de Paris ; 1990 : Opéra de Paris (D. 90-295 du 02-04-1990) ; 1994 : Opéra national de Paris (D. 94-111 du 05-02-1994)</marc:subfield></marc:datafield><marc:datafield tag="303" ind1=" " ind2=" "><marc:subfield code="a">120 rue de Lyon, 75012 Paris</marc:subfield></marc:datafield><marc:datafield tag="330" ind1=" " ind2=" "><marc:subfield code="a">A distinguer des salles particulières : Palais Garnier et Opéra de la Bastille</marc:subfield></marc:datafield><marc:datafield tag="410" ind1=" " ind2=" "><marc:subfield code="7">ba0yba0y</marc:subfield><marc:subfield code="8">fre   </marc:subfield><marc:subfield code="a">TNOP</marc:subfield></marc:datafield><marc:datafield tag="410" ind1=" " ind2=" "><marc:subfield code="7">ba0yba0y</marc:subfield><marc:subfield code="8">fre   </marc:subfield><marc:subfield code="a">Théâtre National Opéra de Paris</marc:subfield></marc:datafield><marc:datafield tag="410" ind1=" " ind2=" "><marc:subfield code="7">ba0yba0y</marc:subfield><marc:subfield code="8">fre   </marc:subfield><marc:subfield code="a">Opéra de Paris</marc:subfield><marc:subfield code="c">1871-....)</marc:subfield></marc:datafield><marc:datafield tag="410" ind1=" " ind2=" "><marc:subfield code="7">ba0yba0y</marc:subfield><marc:subfield code="8">fre   </marc:subfield><marc:subfield code="a">Théâtre de l&apos;Opéra</marc:subfield><marc:subfield code="c">Paris</marc:subfield></marc:datafield><marc:datafield tag="410" ind1=" " ind2=" "><marc:subfield code="7">ba0yba0y</marc:subfield><marc:subfield code="8">fre   </marc:subfield><marc:subfield code="a">Théâtre national de l&apos;Opéra</marc:subfield><marc:subfield code="c">Paris</marc:subfield></marc:datafield><marc:datafield tag="510" ind1=" " ind2=" "><marc:subfield code="5">z</marc:subfield><marc:subfield code="0">Regroupe</marc:subfield><marc:subfield code="3">13905501</marc:subfield><marc:subfield code="7">ba0yba0y</marc:subfield><marc:subfield code="8">fre   </marc:subfield><marc:subfield code="9">20 </marc:subfield><marc:subfield code="a">Opéra national de Paris</marc:subfield><marc:subfield code="b">Choeur</marc:subfield></marc:datafield><marc:datafield tag="510" ind1=" " ind2=" "><marc:subfield code="5">z</marc:subfield><marc:subfield code="0">Regroupe</marc:subfield><marc:subfield code="3">11945309</marc:subfield><marc:subfield code="7">ba0yba0y</marc:subfield><marc:subfield code="8">fre   </marc:subfield><marc:subfield code="9">20 </marc:subfield><marc:subfield code="a">Opéra national de Paris</marc:subfield><marc:subfield code="b">Ballet</marc:subfield></marc:datafield><marc:datafield tag="510" ind1=" " ind2=" "><marc:subfield code="5">z</marc:subfield><marc:subfield code="0">Regroupe</marc:subfield><marc:subfield code="3">16584823</marc:subfield><marc:subfield code="7">ba0yba0y</marc:subfield><marc:subfield code="8">fre   </marc:subfield><marc:subfield code="9">20 </marc:subfield><marc:subfield code="a">Opéra national de Paris</marc:subfield><marc:subfield code="b">Atelier lyrique</marc:subfield></marc:datafield><marc:datafield tag="510" ind1=" " ind2=" "><marc:subfield code="5">a</marc:subfield><marc:subfield code="0">Avant le 12 juillet 1871, voir</marc:subfield><marc:subfield code="3">12296045</marc:subfield><marc:subfield code="7">ba0yba0y</marc:subfield><marc:subfield code="8">fre   </marc:subfield><marc:subfield code="9">20 </marc:subfield><marc:subfield code="a">Académie nationale de musique et de danse</marc:subfield><marc:subfield code="c">France</marc:subfield></marc:datafield><marc:datafield tag="510" ind1=" " ind2=" "><marc:subfield code="5">h</marc:subfield><marc:subfield code="0">Comprend : </marc:subfield><marc:subfield code="3">12128289</marc:subfield><marc:subfield code="7">ba0yba0y</marc:subfield><marc:subfield code="8">fre   </marc:subfield><marc:subfield code="9">20 </marc:subfield><marc:subfield code="a">Opéra Bastille</marc:subfield><marc:subfield code="c">Paris</marc:subfield></marc:datafield><marc:datafield tag="515" ind1=" " ind2=" "><marc:subfield code="5">z</marc:subfield><marc:subfield code="3">11938732</marc:subfield><marc:subfield code="7">ba0yba0y</marc:subfield><marc:subfield code="8">fre   </marc:subfield><marc:subfield code="a">Paris (France)</marc:subfield><marc:subfield code="x">Palais Garnier</marc:subfield></marc:datafield><marc:datafield tag="550" ind1=" " ind2=" "><marc:subfield code="5">g</marc:subfield><marc:subfield code="3">14482590</marc:subfield><marc:subfield code="7">ba0yba0y</marc:subfield><marc:subfield code="8">fre   </marc:subfield><marc:subfield code="a">Opéras (constructions)</marc:subfield><marc:subfield code="y">France</marc:subfield></marc:datafield><marc:datafield tag="686" ind1=" " ind2=" "><marc:subfield code="a">790</marc:subfield><marc:subfield code="c">Spectacles et loisirs (généralités)</marc:subfield><marc:subfield code="2">Note de regroupement par domaine</marc:subfield></marc:datafield><marc:datafield tag="801" ind1=" " ind2=" "><marc:subfield code="a">FR</marc:subfield><marc:subfield code="b">FR-751131015</marc:subfield><marc:subfield code="c">20180511</marc:subfield></marc:datafield><marc:datafield tag="810" ind1=" " ind2=" "><marc:subfield code="a">JO, 1990-04-04</marc:subfield><marc:subfield code="a">JO, 1994-02-09</marc:subfield><marc:subfield code="a">BA 2003</marc:subfield><marc:subfield code="a">Histoire de l&apos;Opéra de Paris : 1669-1971, portrait de chanteurs,  cop.  1977</marc:subfield><marc:subfield code="a">L&apos;Opéra au Palais Garnier : 1875-1962, 1962</marc:subfield><marc:subfield code="a">Mourre</marc:subfield></marc:datafield><marc:datafield tag="856" ind1=" " ind2=" "><marc:subfield code="u">https://www.operadeparis.fr</marc:subfield><marc:subfield code="e">2018-05-11</marc:subfield></marc:datafield></marc:record>