<marc:record><marc:leader>01111cx  a2200217   4500</marc:leader><marc:controlfield tag="001">FRBNF158913390</marc:controlfield><marc:controlfield tag="003">http://catalogue.bnf.fr/ark:/12148/cb158913396</marc:controlfield><marc:controlfield tag="005">20211006</marc:controlfield><marc:datafield tag="010" ind1=" " ind2=" "><marc:subfield code="a">0000000078246722</marc:subfield><marc:subfield code="2">VIAF</marc:subfield><marc:subfield code="d">20130806</marc:subfield></marc:datafield><marc:datafield tag="100" ind1=" " ind2=" "><marc:subfield code="a">20081231afrey50      ba0</marc:subfield></marc:datafield><marc:datafield tag="102" ind1=" " ind2=" "><marc:subfield code="a">ES</marc:subfield></marc:datafield><marc:datafield tag="103" ind1=" " ind2=" "><marc:subfield code="a"> 19690429</marc:subfield></marc:datafield><marc:datafield tag="105" ind1=" " ind2=" "><marc:subfield code="a">a</marc:subfield><marc:subfield code="a">i</marc:subfield><marc:subfield code="a">p</marc:subfield><marc:subfield code="a">c</marc:subfield></marc:datafield><marc:datafield tag="106" ind1=" " ind2=" "><marc:subfield code="a">010</marc:subfield></marc:datafield><marc:datafield tag="120" ind1=" " ind2=" "><marc:subfield code="a">b</marc:subfield></marc:datafield><marc:datafield tag="152" ind1=" " ind2=" "><marc:subfield code="c">2</marc:subfield></marc:datafield><marc:datafield tag="200" ind1=" " ind2=" "><marc:subfield code="7">ba0yba0y</marc:subfield><marc:subfield code="8">fre   </marc:subfield><marc:subfield code="9"> 0 </marc:subfield><marc:subfield code="a">Martinez</marc:subfield><marc:subfield code="b">José</marc:subfield><marc:subfield code="f">1969-....</marc:subfield><marc:subfield code="c">danseur</marc:subfield></marc:datafield><marc:datafield tag="300" ind1=" " ind2=" "><marc:subfield code="a">Danseur. - Chorégraphe (depuis 2002). - Premier danseur (1992), puis étoile (1997) de l&apos;Opéra de Paris. - Scénographe</marc:subfield></marc:datafield><marc:datafield tag="801" ind1=" " ind2=" "><marc:subfield code="a">FR</marc:subfield><marc:subfield code="b">FR-751131015</marc:subfield><marc:subfield code="c">20211006</marc:subfield></marc:datafield><marc:datafield tag="810" ind1=" " ind2=" "><marc:subfield code="a">Les enfants du paradis, ballet en deux actes d&apos;après le scénario de Jacques Prévert, musique [de] Marc-Olivier Dupin, chorégraphie [de] José Martinez..., Ballet de l&apos;Opéra : [programme, Palais Garnier, 21 octobre 2008] / Opéra national de Paris, 2008</marc:subfield></marc:datafield><marc:datafield tag="810" ind1=" " ind2=" "><marc:subfield code="a">José Martinez : un hidalgo au Palais Garnier / José Martinez [et al.], participant. In : Danseurs étoiles de l&apos;Opéra de Paris [Images animées] / Jean-Marie David, réal. CasaDei productions, [2012]</marc:subfield></marc:datafield></marc:record>