<marc:record><marc:leader>00956cx  a2200253   4500</marc:leader><marc:controlfield tag="001">FRBNF125848615</marc:controlfield><marc:controlfield tag="003">http://catalogue.bnf.fr/ark:/12148/cb12584861b</marc:controlfield><marc:controlfield tag="005">20060222</marc:controlfield><marc:datafield tag="010" ind1=" " ind2=" "><marc:subfield code="a">0000000121220369</marc:subfield><marc:subfield code="2">VIAF</marc:subfield><marc:subfield code="d">20130729</marc:subfield></marc:datafield><marc:datafield tag="039" ind1=" " ind2=" "><marc:subfield code="o">OPL</marc:subfield><marc:subfield code="a">000381793</marc:subfield><marc:subfield code="z">APP</marc:subfield></marc:datafield><marc:datafield tag="039" ind1=" " ind2=" "><marc:subfield code="o">OPL</marc:subfield><marc:subfield code="a">003891730</marc:subfield><marc:subfield code="z">AMA</marc:subfield></marc:datafield><marc:datafield tag="100" ind1=" " ind2=" "><marc:subfield code="a">19801014afrey50      ba0</marc:subfield></marc:datafield><marc:datafield tag="101" ind1=" " ind2=" "><marc:subfield code="a">fre</marc:subfield></marc:datafield><marc:datafield tag="102" ind1=" " ind2=" "><marc:subfield code="a">FR</marc:subfield></marc:datafield><marc:datafield tag="103" ind1=" " ind2=" "><marc:subfield code="a"> 19550627</marc:subfield></marc:datafield><marc:datafield tag="105" ind1=" " ind2=" "><marc:subfield code="a">a</marc:subfield><marc:subfield code="a">i</marc:subfield><marc:subfield code="a">p</marc:subfield></marc:datafield><marc:datafield tag="106" ind1=" " ind2=" "><marc:subfield code="a">010</marc:subfield></marc:datafield><marc:datafield tag="120" ind1=" " ind2=" "><marc:subfield code="a">a</marc:subfield></marc:datafield><marc:datafield tag="200" ind1=" " ind2=" "><marc:subfield code="7">ba0yba0y</marc:subfield><marc:subfield code="8">fre   </marc:subfield><marc:subfield code="9"> 0 </marc:subfield><marc:subfield code="a">Adjani</marc:subfield><marc:subfield code="b">Isabelle</marc:subfield><marc:subfield code="f">1955-....</marc:subfield></marc:datafield><marc:datafield tag="300" ind1=" " ind2=" "><marc:subfield code="a">Actrice de théâtre et de cinéma</marc:subfield></marc:datafield><marc:datafield tag="686" ind1=" " ind2=" "><marc:subfield code="a">790</marc:subfield><marc:subfield code="c">Spectacles et loisirs (généralités)</marc:subfield><marc:subfield code="2">Note de regroupement par domaine</marc:subfield></marc:datafield><marc:datafield tag="801" ind1=" " ind2=" "><marc:subfield code="a">FR</marc:subfield><marc:subfield code="b">FR-751131015</marc:subfield><marc:subfield code="c">20060222</marc:subfield></marc:datafield><marc:datafield tag="810" ind1=" " ind2=" "><marc:subfield code="a">Comédiennes aujourd&apos;hui / Isabelle Adjani, Isabelle Huppert, Dominique Laffin, Miou Miou, Christine Pascal, Maria Schneider ; au micro et sous le regard de Jean-Luc Doin, 1980</marc:subfield></marc:datafield><marc:datafield tag="810" ind1=" " ind2=" "><marc:subfield code="a">Boussinot, 1995</marc:subfield><marc:subfield code="a">Les gens du cinéma / André Siscot, 1998</marc:subfield></marc:datafield></marc:record>