<marc:record><marc:leader>01102cx  a2200277   4500</marc:leader><marc:controlfield tag="001">FRBNF122135293</marc:controlfield><marc:controlfield tag="003">http://catalogue.bnf.fr/ark:/12148/cb12213529t</marc:controlfield><marc:controlfield tag="005">20220307</marc:controlfield><marc:datafield tag="010" ind1=" " ind2=" "><marc:subfield code="a">0000000122843808</marc:subfield><marc:subfield code="2">VIAF</marc:subfield><marc:subfield code="d">20130725</marc:subfield></marc:datafield><marc:datafield tag="039" ind1=" " ind2=" "><marc:subfield code="o">OPL</marc:subfield><marc:subfield code="a">007799966</marc:subfield><marc:subfield code="z">AMA</marc:subfield></marc:datafield><marc:datafield tag="039" ind1=" " ind2=" "><marc:subfield code="o">OPL</marc:subfield><marc:subfield code="a">007606132</marc:subfield><marc:subfield code="z">APP</marc:subfield></marc:datafield><marc:datafield tag="100" ind1=" " ind2=" "><marc:subfield code="a">19910729afrey50      ba0</marc:subfield></marc:datafield><marc:datafield tag="101" ind1=" " ind2=" "><marc:subfield code="a">eng</marc:subfield></marc:datafield><marc:datafield tag="102" ind1=" " ind2=" "><marc:subfield code="a">GB</marc:subfield></marc:datafield><marc:datafield tag="103" ind1=" " ind2=" "><marc:subfield code="a"> 19220527  20150607</marc:subfield></marc:datafield><marc:datafield tag="105" ind1=" " ind2=" "><marc:subfield code="a">a</marc:subfield><marc:subfield code="a">i</marc:subfield></marc:datafield><marc:datafield tag="106" ind1=" " ind2=" "><marc:subfield code="a">010</marc:subfield></marc:datafield><marc:datafield tag="120" ind1=" " ind2=" "><marc:subfield code="a">b</marc:subfield></marc:datafield><marc:datafield tag="152" ind1=" " ind2=" "><marc:subfield code="c">2</marc:subfield></marc:datafield><marc:datafield tag="200" ind1=" " ind2=" "><marc:subfield code="7">ba0yba0y</marc:subfield><marc:subfield code="8">fre   </marc:subfield><marc:subfield code="9"> 0 </marc:subfield><marc:subfield code="a">Lee</marc:subfield><marc:subfield code="b">Christopher</marc:subfield><marc:subfield code="f">1922-2015</marc:subfield></marc:datafield><marc:datafield tag="300" ind1=" " ind2=" "><marc:subfield code="a">Acteur et chanteur</marc:subfield></marc:datafield><marc:datafield tag="301" ind1=" " ind2=" "><marc:subfield code="a">Londres (Grande-Bretagne)</marc:subfield><marc:subfield code="b">Londres (Grande-Bretagne)</marc:subfield></marc:datafield><marc:datafield tag="801" ind1=" " ind2=" "><marc:subfield code="a">FR</marc:subfield><marc:subfield code="b">FR-751131015</marc:subfield><marc:subfield code="c">20220307</marc:subfield></marc:datafield><marc:datafield tag="810" ind1=" " ind2=" "><marc:subfield code="a">The Dracula book / Donald F. Glut ; with introductions by Christopher Lee and William Marshall, 1975</marc:subfield></marc:datafield><marc:datafield tag="810" ind1=" " ind2=" "><marc:subfield code="a">BLNA, 1994-10</marc:subfield><marc:subfield code="a">Intern. WW 1986-1987</marc:subfield><marc:subfield code="a">IMDb - http://www.imdb.com (2004-10-11)</marc:subfield><marc:subfield code="a">Libération, 2010-01-08 [album de rock symphonique Charlemagne]</marc:subfield><marc:subfield code="a">Wikipédia - fr.wikipedia.org/wiki/Christopher_Lee (2015-06-12)</marc:subfield></marc:datafield><marc:datafield tag="856" ind1=" " ind2=" "><marc:subfield code="u">http://www.imdb.com/</marc:subfield><marc:subfield code="e">2004-10-11</marc:subfield><marc:subfield code="u">fr.wikipedia.org/wiki/Christopher_Lee</marc:subfield><marc:subfield code="e">2015-06-12</marc:subfield></marc:datafield></marc:record>