<marc:record><marc:leader>02606cx  a2200469   4500</marc:leader><marc:controlfield tag="001">FRBNF126302398</marc:controlfield><marc:controlfield tag="003">http://catalogue.bnf.fr/ark:/12148/cb12630239p</marc:controlfield><marc:controlfield tag="005">20220603</marc:controlfield><marc:datafield tag="010" ind1=" " ind2=" "><marc:subfield code="a">0000000079981809</marc:subfield><marc:subfield code="2">VIAF</marc:subfield><marc:subfield code="d">20130729</marc:subfield></marc:datafield><marc:datafield tag="039" ind1=" " ind2=" "><marc:subfield code="o">OPL</marc:subfield><marc:subfield code="a">001198898</marc:subfield></marc:datafield><marc:datafield tag="039" ind1=" " ind2=" "><marc:subfield code="o">OPP</marc:subfield><marc:subfield code="a">11229129</marc:subfield><marc:subfield code="d">20090414</marc:subfield></marc:datafield><marc:datafield tag="039" ind1=" " ind2=" "><marc:subfield code="o">OPP</marc:subfield><marc:subfield code="a">11549008</marc:subfield><marc:subfield code="d">20090414</marc:subfield></marc:datafield><marc:datafield tag="039" ind1=" " ind2=" "><marc:subfield code="o">OPP</marc:subfield><marc:subfield code="a">11549009</marc:subfield><marc:subfield code="d">20090414</marc:subfield></marc:datafield><marc:datafield tag="039" ind1=" " ind2=" "><marc:subfield code="o">OPP</marc:subfield><marc:subfield code="a">11841034</marc:subfield><marc:subfield code="d">20090414</marc:subfield></marc:datafield><marc:datafield tag="039" ind1=" " ind2=" "><marc:subfield code="o">OPP</marc:subfield><marc:subfield code="a">11543279</marc:subfield><marc:subfield code="d">20090416</marc:subfield></marc:datafield><marc:datafield tag="039" ind1=" " ind2=" "><marc:subfield code="o">OPP</marc:subfield><marc:subfield code="a">10571892</marc:subfield><marc:subfield code="d">20090416</marc:subfield></marc:datafield><marc:datafield tag="039" ind1=" " ind2=" "><marc:subfield code="o">OPP</marc:subfield><marc:subfield code="a">10571893</marc:subfield><marc:subfield code="d">20090416</marc:subfield></marc:datafield><marc:datafield tag="039" ind1=" " ind2=" "><marc:subfield code="o">OPP</marc:subfield><marc:subfield code="a">10632164</marc:subfield><marc:subfield code="d">20090416</marc:subfield></marc:datafield><marc:datafield tag="039" ind1=" " ind2=" "><marc:subfield code="o">OPP</marc:subfield><marc:subfield code="a">11243828</marc:subfield><marc:subfield code="d">20090416</marc:subfield></marc:datafield><marc:datafield tag="039" ind1=" " ind2=" "><marc:subfield code="o">OPP</marc:subfield><marc:subfield code="a">11243829</marc:subfield><marc:subfield code="d">20090416</marc:subfield></marc:datafield><marc:datafield tag="039" ind1=" " ind2=" "><marc:subfield code="o">OPP</marc:subfield><marc:subfield code="a">11288128</marc:subfield><marc:subfield code="d">20090416</marc:subfield></marc:datafield><marc:datafield tag="039" ind1=" " ind2=" "><marc:subfield code="o">OPP</marc:subfield><marc:subfield code="a">11548442</marc:subfield><marc:subfield code="d">20090416</marc:subfield></marc:datafield><marc:datafield tag="039" ind1=" " ind2=" "><marc:subfield code="o">OPP</marc:subfield><marc:subfield code="a">15480025</marc:subfield><marc:subfield code="d">20130607</marc:subfield></marc:datafield><marc:datafield tag="100" ind1=" " ind2=" "><marc:subfield code="a">19800320afrey50      ba0</marc:subfield></marc:datafield><marc:datafield tag="101" ind1=" " ind2=" "><marc:subfield code="a">fre</marc:subfield><marc:subfield code="t">eng</marc:subfield></marc:datafield><marc:datafield tag="102" ind1=" " ind2=" "><marc:subfield code="a">FR</marc:subfield></marc:datafield><marc:datafield tag="103" ind1=" " ind2=" "><marc:subfield code="a"> 18850205  19710716</marc:subfield></marc:datafield><marc:datafield tag="105" ind1=" " ind2=" "><marc:subfield code="a">a</marc:subfield></marc:datafield><marc:datafield tag="106" ind1=" " ind2=" "><marc:subfield code="a">010</marc:subfield></marc:datafield><marc:datafield tag="120" ind1=" " ind2=" "><marc:subfield code="a">a</marc:subfield></marc:datafield><marc:datafield tag="200" ind1=" " ind2=" "><marc:subfield code="7">ba0yba0y</marc:subfield><marc:subfield code="8">fre   </marc:subfield><marc:subfield code="9"> 0 </marc:subfield><marc:subfield code="a">Paul-Margueritte</marc:subfield><marc:subfield code="b">Ève</marc:subfield><marc:subfield code="f">1885-1971</marc:subfield></marc:datafield><marc:datafield tag="300" ind1=" " ind2=" "><marc:subfield code="a">Romancière et traductrice. - Membre de l&apos;académie Goncourt. - Fille de l&apos;écrivain Paul Margueritte (1860-1918) et sœur de Lucie Paul-Margueritte (1886-1956) avec laquelle elle collabora. - Prénoms complets : Ève Antonie</marc:subfield></marc:datafield><marc:datafield tag="301" ind1=" " ind2=" "><marc:subfield code="a">Paris, 6e arrondissement (France)</marc:subfield><marc:subfield code="b">Limeil-Brévannes (Val-de-Marne)</marc:subfield></marc:datafield><marc:datafield tag="400" ind1=" " ind2=" "><marc:subfield code="7">ba0yba0y</marc:subfield><marc:subfield code="8">fre   </marc:subfield><marc:subfield code="a">Margueritte</marc:subfield><marc:subfield code="b">Ève Paul-</marc:subfield></marc:datafield><marc:datafield tag="400" ind1=" " ind2=" "><marc:subfield code="7">ba0yba0y</marc:subfield><marc:subfield code="8">fre   </marc:subfield><marc:subfield code="a">Paul-Margueritte</marc:subfield><marc:subfield code="b">Eva</marc:subfield></marc:datafield><marc:datafield tag="400" ind1=" " ind2=" "><marc:subfield code="7">ba0yba0y</marc:subfield><marc:subfield code="8">fre   </marc:subfield><marc:subfield code="a">Margueritte</marc:subfield><marc:subfield code="b">Eve-Paul</marc:subfield></marc:datafield><marc:datafield tag="686" ind1=" " ind2=" "><marc:subfield code="a">800</marc:subfield><marc:subfield code="c">Histoire et critique littéraires</marc:subfield><marc:subfield code="2">Note de regroupement par domaine</marc:subfield></marc:datafield><marc:datafield tag="801" ind1=" " ind2=" "><marc:subfield code="a">FR</marc:subfield><marc:subfield code="b">FR-751131015</marc:subfield><marc:subfield code="c">20220603</marc:subfield></marc:datafield><marc:datafield tag="810" ind1=" " ind2=" "><marc:subfield code="a">La rencontre de minuit / Ève Paul-Margueritte, 1926</marc:subfield><marc:subfield code="a">La maison du silence : roman / Alice Muriel Williamson ; traduit de l&apos;anglais par Eva Paul-Margueritte, [1928]</marc:subfield><marc:subfield code="a">Auteuil et Passy, des origines à nos jours / Ève et Lucie Paul-Margueritte, 1946</marc:subfield><marc:subfield code="a">Späte Sühne / von Eve-Paul Margueritte ; deutsche von Lucy Housse, [1955]</marc:subfield></marc:datafield><marc:datafield tag="810" ind1=" " ind2=" "><marc:subfield code="a">Le coin des pseudonymes et autres recherches biographiques / par Patrick Ramseyer. In : Le Rocambole : Bulletin des amis du roman populaire, n° 82, printemps 2018, p. 174</marc:subfield><marc:subfield code="a">WW, France 1969-1970</marc:subfield><marc:subfield code="a">Dictionnaire universel des traducteurs / Henri Van Hoof, 1993 : mentionnée par erreur comme l&apos;épouse de Paul Margueritte</marc:subfield><marc:subfield code="a">Lorenz : Margueritte (Mme Eve-Paul)</marc:subfield></marc:datafield><marc:datafield tag="810" ind1=" " ind2=" "><marc:subfield code="a">BN Cat. gén. suppl.</marc:subfield><marc:subfield code="a">BN Cat. gén. 1960-1969 : Margueritte (Ève Paul)</marc:subfield></marc:datafield><marc:datafield tag="815" ind1=" " ind2=" "><marc:subfield code="a">WW, France 1973-1974. - Qui était qui, XXe siècle / Béatrice et Michel Wattel, 2005. - Laffont-Bompiani, Auteurs. - Van Tieghem. - WBIS : http://db.saur.de/WBIS (2009-04-16)</marc:subfield></marc:datafield></marc:record>