<marc:record><marc:leader>01326cx  a2200289   4500</marc:leader><marc:controlfield tag="001">FRBNF118897380</marc:controlfield><marc:controlfield tag="003">http://catalogue.bnf.fr/ark:/12148/cb118897384</marc:controlfield><marc:controlfield tag="005">20170216</marc:controlfield><marc:datafield tag="010" ind1=" " ind2=" "><marc:subfield code="a">0000000110443110</marc:subfield><marc:subfield code="2">VIAF</marc:subfield><marc:subfield code="d">20130724</marc:subfield></marc:datafield><marc:datafield tag="039" ind1=" " ind2=" "><marc:subfield code="o">OPL</marc:subfield><marc:subfield code="a">000422293</marc:subfield></marc:datafield><marc:datafield tag="039" ind1=" " ind2=" "><marc:subfield code="o">OPP</marc:subfield><marc:subfield code="a">14351905</marc:subfield><marc:subfield code="d">20090416</marc:subfield></marc:datafield><marc:datafield tag="039" ind1=" " ind2=" "><marc:subfield code="o">OPP</marc:subfield><marc:subfield code="a">16808698</marc:subfield><marc:subfield code="d">20170216</marc:subfield></marc:datafield><marc:datafield tag="100" ind1=" " ind2=" "><marc:subfield code="a">19780403afrey50      ba0</marc:subfield></marc:datafield><marc:datafield tag="101" ind1=" " ind2=" "><marc:subfield code="a">fre</marc:subfield></marc:datafield><marc:datafield tag="102" ind1=" " ind2=" "><marc:subfield code="a">FR</marc:subfield></marc:datafield><marc:datafield tag="103" ind1=" " ind2=" "><marc:subfield code="a"> 1937</marc:subfield></marc:datafield><marc:datafield tag="105" ind1=" " ind2=" "><marc:subfield code="a">a</marc:subfield><marc:subfield code="a">p</marc:subfield></marc:datafield><marc:datafield tag="106" ind1=" " ind2=" "><marc:subfield code="a">1</marc:subfield></marc:datafield><marc:datafield tag="120" ind1=" " ind2=" "><marc:subfield code="a">b</marc:subfield></marc:datafield><marc:datafield tag="200" ind1=" " ind2=" "><marc:subfield code="7">ba0yba0y</marc:subfield><marc:subfield code="8">fre   </marc:subfield><marc:subfield code="9"> 0 </marc:subfield><marc:subfield code="a">Aziza</marc:subfield><marc:subfield code="b">Claude</marc:subfield><marc:subfield code="f">1937-....</marc:subfield></marc:datafield><marc:datafield tag="300" ind1="0" ind2=" "><marc:subfield code="a">Traduit aussi du français en latin</marc:subfield></marc:datafield><marc:datafield tag="300" ind1="0" ind2=" "><marc:subfield code="a">Maître de conférence honoraire de langue et littérature latines à la Sorbonne Nouvelle (Paris III). - Historien du cinéma. - Agrégé de lettres classiques</marc:subfield></marc:datafield><marc:datafield tag="400" ind1=" " ind2=" "><marc:subfield code="7">ba0yba0y</marc:subfield><marc:subfield code="8">fre   </marc:subfield><marc:subfield code="a">Aziza</marc:subfield><marc:subfield code="b">Claudius</marc:subfield><marc:subfield code="f">1937-....</marc:subfield></marc:datafield><marc:datafield tag="801" ind1=" " ind2=" "><marc:subfield code="a">FR</marc:subfield><marc:subfield code="b">FR-751131015</marc:subfield><marc:subfield code="c">20170216</marc:subfield></marc:datafield><marc:datafield tag="810" ind1=" " ind2=" "><marc:subfield code="a">Le Capitaine Fracasse / Théophile Gautier ; préf. et comment. de Claude Aziza, 1991</marc:subfield><marc:subfield code="a">Alix / Jacques Martin ; in latinum converterunt Claudius Aziza et Michael Dubrocard, 1983-</marc:subfield><marc:subfield code="a">Guide de l&apos;Antiquité imaginaire / Claude Aziza, 2008</marc:subfield></marc:datafield><marc:datafield tag="810" ind1=" " ind2=" "><marc:subfield code="a">Canal Académie - http://www.canalacademie.com/Claude-Aziza-le-Romanesque-et-les.html (2009-04-16)</marc:subfield></marc:datafield><marc:datafield tag="856" ind1=" " ind2=" "><marc:subfield code="u">http://www.canalacademie.com/Claude-Aziza-le-Romanesque-et-les.html</marc:subfield><marc:subfield code="e">2009-04-16</marc:subfield></marc:datafield></marc:record>