<marc:record><marc:leader>00947cx  a2200229   4500</marc:leader><marc:controlfield tag="001">FRBNF119145772</marc:controlfield><marc:controlfield tag="003">http://catalogue.bnf.fr/ark:/12148/cb119145770</marc:controlfield><marc:controlfield tag="005">20220301</marc:controlfield><marc:datafield tag="010" ind1=" " ind2=" "><marc:subfield code="a">0000000083571052</marc:subfield><marc:subfield code="2">VIAF</marc:subfield><marc:subfield code="d">20130724</marc:subfield></marc:datafield><marc:datafield tag="039" ind1=" " ind2=" "><marc:subfield code="o">OPL</marc:subfield><marc:subfield code="a">001082655</marc:subfield></marc:datafield><marc:datafield tag="039" ind1=" " ind2=" "><marc:subfield code="o">OPP</marc:subfield><marc:subfield code="a">16816932</marc:subfield><marc:subfield code="d">20220301</marc:subfield></marc:datafield><marc:datafield tag="100" ind1=" " ind2=" "><marc:subfield code="a">19780626afrey50      ba0</marc:subfield></marc:datafield><marc:datafield tag="101" ind1=" " ind2=" "><marc:subfield code="a">fre</marc:subfield><marc:subfield code="t">eng</marc:subfield></marc:datafield><marc:datafield tag="102" ind1=" " ind2=" "><marc:subfield code="a">FR</marc:subfield></marc:datafield><marc:datafield tag="103" ind1=" " ind2=" "><marc:subfield code="a"> 19390409</marc:subfield></marc:datafield><marc:datafield tag="105" ind1=" " ind2=" "><marc:subfield code="a">a</marc:subfield><marc:subfield code="a">p</marc:subfield></marc:datafield><marc:datafield tag="106" ind1=" " ind2=" "><marc:subfield code="a">1</marc:subfield></marc:datafield><marc:datafield tag="120" ind1=" " ind2=" "><marc:subfield code="a">b</marc:subfield></marc:datafield><marc:datafield tag="200" ind1=" " ind2=" "><marc:subfield code="7">ba0yba0y</marc:subfield><marc:subfield code="8">fre   </marc:subfield><marc:subfield code="9"> 0 </marc:subfield><marc:subfield code="a">Marigny</marc:subfield><marc:subfield code="b">Jean</marc:subfield><marc:subfield code="f">1939-....</marc:subfield></marc:datafield><marc:datafield tag="300" ind1="0" ind2=" "><marc:subfield code="a">Professeur de littérature anglaise et américaine à l&apos;université Stendhal-Grenoble 3. - Directeur du Groupe d&apos;études et de recherches sur le fantastique (GERF)</marc:subfield></marc:datafield><marc:datafield tag="801" ind1=" " ind2=" "><marc:subfield code="a">FR</marc:subfield><marc:subfield code="b">FR-751131015</marc:subfield><marc:subfield code="c">20220301</marc:subfield></marc:datafield><marc:datafield tag="810" ind1=" " ind2=" "><marc:subfield code="a">Dracula / dir. par Jean Marigny, 1997</marc:subfield><marc:subfield code="a">Le vampire dans la littérature du XXe siècle / Jean Marigny, 2003</marc:subfield><marc:subfield code="a">&quot;Freaks&quot; / Boris Henry ; nouvelle inédite traduite de l&apos;anglais (États-Unis) par Jean Marigny, 2009</marc:subfield></marc:datafield></marc:record>