<marc:record><marc:leader>01915cx  a2200445   4500</marc:leader><marc:controlfield tag="001">FRBNF119172698</marc:controlfield><marc:controlfield tag="003">http://catalogue.bnf.fr/ark:/12148/cb119172698</marc:controlfield><marc:controlfield tag="005">20110224</marc:controlfield><marc:datafield tag="010" ind1=" " ind2=" "><marc:subfield code="a">0000000122764261</marc:subfield><marc:subfield code="2">VIAF</marc:subfield><marc:subfield code="d">20131024</marc:subfield></marc:datafield><marc:datafield tag="039" ind1=" " ind2=" "><marc:subfield code="o">OPL</marc:subfield><marc:subfield code="a">001679376</marc:subfield><marc:subfield code="z">AMA</marc:subfield></marc:datafield><marc:datafield tag="039" ind1=" " ind2=" "><marc:subfield code="o">OPL</marc:subfield><marc:subfield code="a">001153629</marc:subfield><marc:subfield code="z">APP</marc:subfield></marc:datafield><marc:datafield tag="039" ind1=" " ind2=" "><marc:subfield code="o">OPP</marc:subfield><marc:subfield code="a">14862868</marc:subfield><marc:subfield code="d">20061221</marc:subfield></marc:datafield><marc:datafield tag="039" ind1=" " ind2=" "><marc:subfield code="o">OPP</marc:subfield><marc:subfield code="a">14862867</marc:subfield><marc:subfield code="d">20061221</marc:subfield></marc:datafield><marc:datafield tag="039" ind1=" " ind2=" "><marc:subfield code="o">OPP</marc:subfield><marc:subfield code="a">14692727</marc:subfield><marc:subfield code="d">20061221</marc:subfield></marc:datafield><marc:datafield tag="039" ind1=" " ind2=" "><marc:subfield code="o">OPP</marc:subfield><marc:subfield code="a">15478271</marc:subfield><marc:subfield code="d">20110224</marc:subfield></marc:datafield><marc:datafield tag="100" ind1=" " ind2=" "><marc:subfield code="a">19810904afrey50      ba0</marc:subfield></marc:datafield><marc:datafield tag="101" ind1=" " ind2=" "><marc:subfield code="a">ger</marc:subfield></marc:datafield><marc:datafield tag="102" ind1=" " ind2=" "><marc:subfield code="a">XX</marc:subfield></marc:datafield><marc:datafield tag="103" ind1=" " ind2=" "><marc:subfield code="a"> 18881228  19310311</marc:subfield></marc:datafield><marc:datafield tag="105" ind1=" " ind2=" "><marc:subfield code="a">a</marc:subfield></marc:datafield><marc:datafield tag="106" ind1=" " ind2=" "><marc:subfield code="a">010</marc:subfield></marc:datafield><marc:datafield tag="120" ind1=" " ind2=" "><marc:subfield code="a">b</marc:subfield></marc:datafield><marc:datafield tag="152" ind1=" " ind2=" "><marc:subfield code="c">2</marc:subfield></marc:datafield><marc:datafield tag="200" ind1=" " ind2=" "><marc:subfield code="7">ba0yba0y</marc:subfield><marc:subfield code="8">fre   </marc:subfield><marc:subfield code="9"> 0 </marc:subfield><marc:subfield code="a">Murnau</marc:subfield><marc:subfield code="b">Friedrich Wilhelm</marc:subfield><marc:subfield code="f">1888-1931</marc:subfield></marc:datafield><marc:datafield tag="300" ind1=" " ind2=" "><marc:subfield code="a">Pseudonyme de Friedrich Wilhelm Plumpe. - Cinéaste</marc:subfield></marc:datafield><marc:datafield tag="530" ind1=" " ind2=" "><marc:subfield code="5">z</marc:subfield><marc:subfield code="0">Réalisateur de : </marc:subfield><marc:subfield code="3">17131747</marc:subfield><marc:subfield code="a">Tartüff (film)</marc:subfield></marc:datafield><marc:datafield tag="530" ind1=" " ind2=" "><marc:subfield code="5">z</marc:subfield><marc:subfield code="0">Réalisateur de : </marc:subfield><marc:subfield code="3">17131708</marc:subfield><marc:subfield code="a">Schloß Vogelöd (film)</marc:subfield></marc:datafield><marc:datafield tag="530" ind1=" " ind2=" "><marc:subfield code="5">z</marc:subfield><marc:subfield code="0">Réalisateur de : </marc:subfield><marc:subfield code="3">16462641</marc:subfield><marc:subfield code="a">Der brennende Acker (film)</marc:subfield></marc:datafield><marc:datafield tag="530" ind1=" " ind2=" "><marc:subfield code="5">z</marc:subfield><marc:subfield code="0">Réalisateur de : </marc:subfield><marc:subfield code="3">16460617</marc:subfield><marc:subfield code="a">City girl (film)</marc:subfield></marc:datafield><marc:datafield tag="530" ind1=" " ind2=" "><marc:subfield code="5">z</marc:subfield><marc:subfield code="0">Réalisateur de : </marc:subfield><marc:subfield code="3">16459330</marc:subfield><marc:subfield code="a">Four devils (film)</marc:subfield></marc:datafield><marc:datafield tag="530" ind1=" " ind2=" "><marc:subfield code="5">z</marc:subfield><marc:subfield code="0">Réalisateur de : </marc:subfield><marc:subfield code="3">15084727</marc:subfield><marc:subfield code="a">Tabu (film ; 1929)</marc:subfield></marc:datafield><marc:datafield tag="530" ind1=" " ind2=" "><marc:subfield code="5">z</marc:subfield><marc:subfield code="0">Réalisateur de : </marc:subfield><marc:subfield code="3">14614853</marc:subfield><marc:subfield code="a">Der letzte Mann (film)</marc:subfield></marc:datafield><marc:datafield tag="530" ind1=" " ind2=" "><marc:subfield code="5">z</marc:subfield><marc:subfield code="0">Réalisateur de : </marc:subfield><marc:subfield code="3">14590883</marc:subfield><marc:subfield code="a">Sunrise (film)</marc:subfield></marc:datafield><marc:datafield tag="530" ind1=" " ind2=" "><marc:subfield code="5">z</marc:subfield><marc:subfield code="0">Réalisateur de : </marc:subfield><marc:subfield code="3">13497346</marc:subfield><marc:subfield code="a">Phantom (film)</marc:subfield></marc:datafield><marc:datafield tag="530" ind1=" " ind2=" "><marc:subfield code="5">z</marc:subfield><marc:subfield code="0">Réalisateur de : </marc:subfield><marc:subfield code="3">11943761</marc:subfield><marc:subfield code="a">Nosferatu, eine Symphonie des Grauens (film)</marc:subfield></marc:datafield><marc:datafield tag="530" ind1=" " ind2=" "><marc:subfield code="5">z</marc:subfield><marc:subfield code="0">Réalisateur de : </marc:subfield><marc:subfield code="3">12222523</marc:subfield><marc:subfield code="a">Faust, Eine deutsche Volkssage (film)</marc:subfield></marc:datafield><marc:datafield tag="686" ind1=" " ind2=" "><marc:subfield code="a">791</marc:subfield><marc:subfield code="c">Audiovisuel</marc:subfield><marc:subfield code="2">Note de regroupement par domaine</marc:subfield></marc:datafield><marc:datafield tag="801" ind1=" " ind2=" "><marc:subfield code="a">FR</marc:subfield><marc:subfield code="b">FR-751131015</marc:subfield><marc:subfield code="c">20110224</marc:subfield></marc:datafield><marc:datafield tag="810" ind1=" " ind2=" "><marc:subfield code="a">Nosfératu, 1977-1978 / Druillet ; [d&apos;après le roman de Bram Stoker et le film de F.-W. Murnau], 1988</marc:subfield></marc:datafield><marc:datafield tag="810" ind1=" " ind2=" "><marc:subfield code="a">GDEL</marc:subfield><marc:subfield code="a">Cent cinéastes allemands I̲n̲ : Histoire du cinéma allemand / Roland Schneider, 1990, p. 207-208</marc:subfield><marc:subfield code="a">GDEL</marc:subfield><marc:subfield code="a">Boussinot</marc:subfield></marc:datafield></marc:record>