<marc:record><marc:leader>01737cx  l2200301   4500</marc:leader><marc:controlfield tag="001">FRBNF119317873</marc:controlfield><marc:controlfield tag="003">http://catalogue.bnf.fr/ark:/12148/cb11931787j</marc:controlfield><marc:controlfield tag="005">20141215</marc:controlfield><marc:datafield tag="039" ind1=" " ind2=" "><marc:subfield code="o">OPL</marc:subfield><marc:subfield code="a">001525314</marc:subfield></marc:datafield><marc:datafield tag="100" ind1=" " ind2=" "><marc:subfield code="a">19810211afrey50      ba0</marc:subfield></marc:datafield><marc:datafield tag="106" ind1=" " ind2=" "><marc:subfield code="a">211</marc:subfield></marc:datafield><marc:datafield tag="152" ind1=" " ind2=" "><marc:subfield code="b">rameau</marc:subfield><marc:subfield code="c">2</marc:subfield></marc:datafield><marc:datafield tag="180" ind1=" " ind2=" "><marc:subfield code="a">b</marc:subfield></marc:datafield><marc:datafield tag="280" ind1=" " ind2="0"><marc:subfield code="7">ba0yba0y</marc:subfield><marc:subfield code="8">fre   </marc:subfield><marc:subfield code="a">Nouvelles fantastiques</marc:subfield></marc:datafield><marc:datafield tag="305" ind1="1" ind2=" "><marc:subfield code="a">Voir aussi les vedettes du type Nouvelles fantastiques [adjectif de langue, de nationalité ou géographique]</marc:subfield></marc:datafield><marc:datafield tag="330" ind1=" " ind2=" "><marc:subfield code="a">Sous cette vedette, on trouve les recueils de nouvelles fantastiques de divers pays ou en diverses langues</marc:subfield></marc:datafield><marc:datafield tag="480" ind1=" " ind2="0"><marc:subfield code="7">ba0yba0y</marc:subfield><marc:subfield code="8">fre   </marc:subfield><marc:subfield code="a">Contes fantastiques</marc:subfield></marc:datafield><marc:datafield tag="480" ind1=" " ind2="0"><marc:subfield code="7">ba0yba0y</marc:subfield><marc:subfield code="8">fre   </marc:subfield><marc:subfield code="a">Histoires fantastiques</marc:subfield></marc:datafield><marc:datafield tag="480" ind1=" " ind2="0"><marc:subfield code="7">ba0yba0y</marc:subfield><marc:subfield code="8">fre   </marc:subfield><marc:subfield code="a">Récits fantastiques</marc:subfield></marc:datafield><marc:datafield tag="580" ind1=" " ind2="0"><marc:subfield code="5">g</marc:subfield><marc:subfield code="3">11952413</marc:subfield><marc:subfield code="7">ba0yba0y</marc:subfield><marc:subfield code="8">fre   </marc:subfield><marc:subfield code="a">Littérature fantastique</marc:subfield></marc:datafield><marc:datafield tag="580" ind1=" " ind2="0"><marc:subfield code="5">g</marc:subfield><marc:subfield code="3">11932861</marc:subfield><marc:subfield code="7">ba0yba0y</marc:subfield><marc:subfield code="8">fre   </marc:subfield><marc:subfield code="a">Nouvelles</marc:subfield></marc:datafield><marc:datafield tag="686" ind1=" " ind2=" "><marc:subfield code="a">801</marc:subfield><marc:subfield code="c">Poésie</marc:subfield><marc:subfield code="2">Note de regroupement par domaine</marc:subfield></marc:datafield><marc:datafield tag="801" ind1=" " ind2=" "><marc:subfield code="a">FR</marc:subfield><marc:subfield code="b">FR-751131015</marc:subfield><marc:subfield code="c">20141215</marc:subfield></marc:datafield><marc:datafield tag="810" ind1=" " ind2=" "><marc:subfield code="a">Encycl. universalis (art. : Nouvelle) : conte fantastique - http://www.universalis-edu.com (2013-05-21)</marc:subfield></marc:datafield><marc:datafield tag="810" ind1=" " ind2=" "><marc:subfield code="a">Dict. universel des littératures / B. Didier, 1994 (art. : Nouvelle)</marc:subfield><marc:subfield code="a">Le dict. du littéraire / P. Aron, D. Saint-Jacques, A. Viala, 2010 (art. : Fantastique) : nouvelle ou conte</marc:subfield><marc:subfield code="a">Dict. des termes littéraires, 2005 (art. : Fantastique (littérature)) : contes fantastiques</marc:subfield><marc:subfield code="a">Dict. des littératures de langue française / J.-P. de Beaumarchais, D. Couty, A. Rey, 1987 (art. : Conte) : conte fantastique</marc:subfield></marc:datafield><marc:datafield tag="822" ind1="1" ind2="2"><marc:subfield code="a">Nouvelles fantastiques</marc:subfield><marc:subfield code="2">RVMLaval</marc:subfield><marc:subfield code="d">2014-12-15</marc:subfield></marc:datafield><marc:datafield tag="822" ind1="1" ind2=" "><marc:subfield code="a">Fantasy fiction</marc:subfield><marc:subfield code="2">LCSH</marc:subfield><marc:subfield code="u">http://id.loc.gov/authorities/subjects/sh85047114</marc:subfield><marc:subfield code="d">2017-02-09</marc:subfield></marc:datafield><marc:datafield tag="856" ind1=" " ind2=" "><marc:subfield code="u">http://www.universalis-edu.com</marc:subfield><marc:subfield code="e">2013-05-21</marc:subfield></marc:datafield></marc:record>