<marc:record><marc:leader>02010cx  l2200421   4500</marc:leader><marc:controlfield tag="001">FRBNF119347724</marc:controlfield><marc:controlfield tag="003">http://catalogue.bnf.fr/ark:/12148/cb119347727</marc:controlfield><marc:controlfield tag="005">20180619</marc:controlfield><marc:datafield tag="039" ind1=" " ind2=" "><marc:subfield code="o">OPL</marc:subfield><marc:subfield code="a">001561812</marc:subfield></marc:datafield><marc:datafield tag="100" ind1=" " ind2=" "><marc:subfield code="a">19810901afrey50      ba0</marc:subfield></marc:datafield><marc:datafield tag="106" ind1=" " ind2=" "><marc:subfield code="a">201</marc:subfield></marc:datafield><marc:datafield tag="152" ind1=" " ind2=" "><marc:subfield code="b">rameau</marc:subfield><marc:subfield code="c">2</marc:subfield></marc:datafield><marc:datafield tag="180" ind1=" " ind2=" "><marc:subfield code="a">a</marc:subfield></marc:datafield><marc:datafield tag="280" ind1=" " ind2="0"><marc:subfield code="7">ba0yba0y</marc:subfield><marc:subfield code="8">fre   </marc:subfield><marc:subfield code="a">Anthologies</marc:subfield></marc:datafield><marc:datafield tag="305" ind1="1" ind2=" "><marc:subfield code="a">Voir aussi la subdivision Dans la littérature à tous sujets noms communs et noms propres pour des études sur la représentation ou le traitement de ces sujets dans les oeuvres littéraires</marc:subfield></marc:datafield><marc:datafield tag="305" ind1="1" ind2=" "><marc:subfield code="a">Voir aussi la subdivision de forme Lectures et morceaux choisis aux langues</marc:subfield></marc:datafield><marc:datafield tag="330" ind1=" " ind2=" "><marc:subfield code="a">S&apos;emploie également en subdivision</marc:subfield></marc:datafield><marc:datafield tag="480" ind1=" " ind2="0"><marc:subfield code="7">ba0yba0y</marc:subfield><marc:subfield code="8">fre   </marc:subfield><marc:subfield code="a">Anthologie</marc:subfield></marc:datafield><marc:datafield tag="480" ind1=" " ind2="0"><marc:subfield code="7">ba0yba0y</marc:subfield><marc:subfield code="8">fre   </marc:subfield><marc:subfield code="a">Anthologies littéraires</marc:subfield></marc:datafield><marc:datafield tag="480" ind1=" " ind2="0"><marc:subfield code="7">ba0yba0y</marc:subfield><marc:subfield code="8">fre   </marc:subfield><marc:subfield code="a">Chrestomathies</marc:subfield></marc:datafield><marc:datafield tag="480" ind1=" " ind2="0"><marc:subfield code="7">ba0yba0y</marc:subfield><marc:subfield code="8">fre   </marc:subfield><marc:subfield code="a">Dans la littérature</marc:subfield><marc:subfield code="x">Anthologies</marc:subfield></marc:datafield><marc:datafield tag="480" ind1=" " ind2="0"><marc:subfield code="7">ba0yba0y</marc:subfield><marc:subfield code="8">fre   </marc:subfield><marc:subfield code="a">Florilèges</marc:subfield></marc:datafield><marc:datafield tag="480" ind1=" " ind2="0"><marc:subfield code="7">ba0yba0y</marc:subfield><marc:subfield code="8">fre   </marc:subfield><marc:subfield code="a">Littérature</marc:subfield><marc:subfield code="x">Anthologies</marc:subfield></marc:datafield><marc:datafield tag="480" ind1=" " ind2="0"><marc:subfield code="7">ba0yba0y</marc:subfield><marc:subfield code="8">fre   </marc:subfield><marc:subfield code="a">Littérature</marc:subfield><marc:subfield code="x">Sélections</marc:subfield></marc:datafield><marc:datafield tag="480" ind1=" " ind2="0"><marc:subfield code="7">ba0yba0y</marc:subfield><marc:subfield code="8">fre   </marc:subfield><marc:subfield code="a">Morceaux choisis</marc:subfield></marc:datafield><marc:datafield tag="480" ind1=" " ind2="0"><marc:subfield code="7">ba0yba0y</marc:subfield><marc:subfield code="8">fre   </marc:subfield><marc:subfield code="a">Oeuvres choisies</marc:subfield></marc:datafield><marc:datafield tag="480" ind1=" " ind2="0"><marc:subfield code="7">ba0yba0y</marc:subfield><marc:subfield code="8">fre   </marc:subfield><marc:subfield code="a">Recueils d&apos;oeuvres choisies</marc:subfield></marc:datafield><marc:datafield tag="480" ind1=" " ind2="0"><marc:subfield code="7">ba0yba0y</marc:subfield><marc:subfield code="8">fre   </marc:subfield><marc:subfield code="a">Recueils de morceaux choisis</marc:subfield></marc:datafield><marc:datafield tag="480" ind1=" " ind2="0"><marc:subfield code="7">ba0yba0y</marc:subfield><marc:subfield code="8">fre   </marc:subfield><marc:subfield code="a">Recueils de textes choisis</marc:subfield></marc:datafield><marc:datafield tag="480" ind1=" " ind2="0"><marc:subfield code="7">ba0yba0y</marc:subfield><marc:subfield code="8">fre   </marc:subfield><marc:subfield code="a">Textes choisis</marc:subfield></marc:datafield><marc:datafield tag="580" ind1=" " ind2="0"><marc:subfield code="5">z</marc:subfield><marc:subfield code="0">Voir aussi</marc:subfield><marc:subfield code="3">11941382</marc:subfield><marc:subfield code="7">ba0yba0y</marc:subfield><marc:subfield code="8">fre   </marc:subfield><marc:subfield code="a">Lectures et morceaux choisis</marc:subfield></marc:datafield><marc:datafield tag="686" ind1=" " ind2=" "><marc:subfield code="a">780</marc:subfield><marc:subfield code="c">Musique</marc:subfield><marc:subfield code="2">Note de regroupement par domaine</marc:subfield></marc:datafield><marc:datafield tag="686" ind1=" " ind2=" "><marc:subfield code="a">801</marc:subfield><marc:subfield code="c">Poésie</marc:subfield><marc:subfield code="2">Note de regroupement par domaine</marc:subfield></marc:datafield><marc:datafield tag="801" ind1=" " ind2=" "><marc:subfield code="a">FR</marc:subfield><marc:subfield code="b">FR-751131015</marc:subfield><marc:subfield code="c">20180619</marc:subfield></marc:datafield><marc:datafield tag="822" ind1="1" ind2="2"><marc:subfield code="a">Anthologies</marc:subfield><marc:subfield code="2">RVMLaval</marc:subfield><marc:subfield code="d">2018-06-19</marc:subfield></marc:datafield><marc:datafield tag="822" ind1="1" ind2=" "><marc:subfield code="a">Literary collections</marc:subfield><marc:subfield code="2">LCSH</marc:subfield><marc:subfield code="u">http://id.loc.gov/authorities/subjects/sh99001634</marc:subfield><marc:subfield code="d">2017-02-09</marc:subfield></marc:datafield><marc:datafield tag="822" ind1="1" ind2=" "><marc:subfield code="a">Literature--Collections</marc:subfield><marc:subfield code="2">LCSH</marc:subfield><marc:subfield code="u">http://id.loc.gov/authorities/subjects/sh85077515</marc:subfield><marc:subfield code="d">2017-02-09</marc:subfield></marc:datafield><marc:datafield tag="822" ind1="1" ind2="2"><marc:subfield code="a">Anthologies</marc:subfield><marc:subfield code="2">LCSH</marc:subfield><marc:subfield code="u">http://id.loc.gov/authorities/subjects/sh85005534</marc:subfield><marc:subfield code="d">2017-02-09</marc:subfield></marc:datafield></marc:record>