<marc:record><marc:leader>01781cx  l2200337   4500</marc:leader><marc:controlfield tag="001">FRBNF119388870</marc:controlfield><marc:controlfield tag="003">http://catalogue.bnf.fr/ark:/12148/cb11938887h</marc:controlfield><marc:controlfield tag="005">20140108</marc:controlfield><marc:datafield tag="039" ind1=" " ind2=" "><marc:subfield code="o">OPL</marc:subfield><marc:subfield code="a">00161476X</marc:subfield></marc:datafield><marc:datafield tag="100" ind1=" " ind2=" "><marc:subfield code="a">19840821afrey50      ba0</marc:subfield></marc:datafield><marc:datafield tag="106" ind1=" " ind2=" "><marc:subfield code="a">211</marc:subfield></marc:datafield><marc:datafield tag="152" ind1=" " ind2=" "><marc:subfield code="b">rameau</marc:subfield><marc:subfield code="c">2</marc:subfield></marc:datafield><marc:datafield tag="180" ind1=" " ind2=" "><marc:subfield code="a">a</marc:subfield></marc:datafield><marc:datafield tag="280" ind1=" " ind2="0"><marc:subfield code="7">ba0yba0y</marc:subfield><marc:subfield code="8">fre   </marc:subfield><marc:subfield code="a">Livres illustrés pour enfants</marc:subfield></marc:datafield><marc:datafield tag="330" ind1=" " ind2=" "><marc:subfield code="a">Sous cette vedette de forme, on trouve les livres pour enfants dont l&apos;illustration existe en rapport au texte. Les oeuvres de fiction destinées aux enfants, constituées essentiellement d&apos;images, se trouvent sous Livres d&apos;images</marc:subfield></marc:datafield><marc:datafield tag="480" ind1=" " ind2="0"><marc:subfield code="7">ba0yba0y</marc:subfield><marc:subfield code="8">fre   </marc:subfield><marc:subfield code="a">Albums pour enfants</marc:subfield></marc:datafield><marc:datafield tag="480" ind1=" " ind2="0"><marc:subfield code="7">ba0yba0y</marc:subfield><marc:subfield code="8">fre   </marc:subfield><marc:subfield code="a">Enfants</marc:subfield><marc:subfield code="x">Livres illustrés</marc:subfield></marc:datafield><marc:datafield tag="480" ind1=" " ind2="0"><marc:subfield code="7">ba0yba0y</marc:subfield><marc:subfield code="8">fre   </marc:subfield><marc:subfield code="a">Livres pour enfants illustrés</marc:subfield></marc:datafield><marc:datafield tag="550" ind1=" " ind2=" "><marc:subfield code="5">z</marc:subfield><marc:subfield code="0">Voir aussi</marc:subfield><marc:subfield code="3">14610852</marc:subfield><marc:subfield code="7">ba0yba0y</marc:subfield><marc:subfield code="8">fre   </marc:subfield><marc:subfield code="a">Illustrations pour la jeunesse</marc:subfield></marc:datafield><marc:datafield tag="550" ind1=" " ind2=" "><marc:subfield code="5">g</marc:subfield><marc:subfield code="3">16732838</marc:subfield><marc:subfield code="7">ba0yba0y</marc:subfield><marc:subfield code="8">fre   </marc:subfield><marc:subfield code="a">Livres pour enfants</marc:subfield></marc:datafield><marc:datafield tag="580" ind1=" " ind2="0"><marc:subfield code="5">z</marc:subfield><marc:subfield code="0">Voir aussi</marc:subfield><marc:subfield code="3">12343080</marc:subfield><marc:subfield code="7">ba0yba0y</marc:subfield><marc:subfield code="8">fre   </marc:subfield><marc:subfield code="a">Livres animés</marc:subfield></marc:datafield><marc:datafield tag="580" ind1=" " ind2="0"><marc:subfield code="5">z</marc:subfield><marc:subfield code="0">Voir aussi</marc:subfield><marc:subfield code="3">11965688</marc:subfield><marc:subfield code="7">ba0yba0y</marc:subfield><marc:subfield code="8">fre   </marc:subfield><marc:subfield code="a">Livres d&apos;images</marc:subfield></marc:datafield><marc:datafield tag="580" ind1=" " ind2="0"><marc:subfield code="5">z</marc:subfield><marc:subfield code="0">Voir aussi</marc:subfield><marc:subfield code="3">12489722</marc:subfield><marc:subfield code="7">ba0yba0y</marc:subfield><marc:subfield code="8">fre   </marc:subfield><marc:subfield code="a">Livres en carton</marc:subfield></marc:datafield><marc:datafield tag="580" ind1=" " ind2="0"><marc:subfield code="5">g</marc:subfield><marc:subfield code="3">13318510</marc:subfield><marc:subfield code="7">ba0yba0y</marc:subfield><marc:subfield code="8">fre   </marc:subfield><marc:subfield code="a">Livres illustrés</marc:subfield></marc:datafield><marc:datafield tag="686" ind1=" " ind2=" "><marc:subfield code="a">020</marc:subfield><marc:subfield code="c">Sciences de l&apos;information</marc:subfield><marc:subfield code="2">Note de regroupement par domaine</marc:subfield></marc:datafield><marc:datafield tag="686" ind1=" " ind2=" "><marc:subfield code="a">300</marc:subfield><marc:subfield code="c">Sciences sociales</marc:subfield><marc:subfield code="2">Note de regroupement par domaine</marc:subfield></marc:datafield><marc:datafield tag="686" ind1=" " ind2=" "><marc:subfield code="a">740</marc:subfield><marc:subfield code="c">Dessin, arts décoratifs, artisanat d&apos;art</marc:subfield><marc:subfield code="2">Note de regroupement par domaine</marc:subfield></marc:datafield><marc:datafield tag="801" ind1=" " ind2=" "><marc:subfield code="a">FR</marc:subfield><marc:subfield code="b">FR-751131015</marc:subfield><marc:subfield code="c">20140108</marc:subfield></marc:datafield><marc:datafield tag="810" ind1=" " ind2=" "><marc:subfield code="a">Les livres illustrés pour enfants et l&apos;acquisition du langage / L. Lentin, 1983</marc:subfield></marc:datafield><marc:datafield tag="822" ind1="1" ind2="2"><marc:subfield code="a">Livres illustrés pour enfants</marc:subfield><marc:subfield code="2">RVMLaval</marc:subfield><marc:subfield code="d">2014-01-08</marc:subfield></marc:datafield><marc:datafield tag="822" ind1="1" ind2=" "><marc:subfield code="a">Illustrated children&apos;s books</marc:subfield><marc:subfield code="2">LCSH</marc:subfield><marc:subfield code="u">http://id.loc.gov/authorities/subjects/sh85064405</marc:subfield><marc:subfield code="d">2017-02-09</marc:subfield></marc:datafield></marc:record>