<marc:record><marc:leader>01217cx  j2200241   4500</marc:leader><marc:controlfield tag="001">FRBNF11976234X</marc:controlfield><marc:controlfield tag="003">http://catalogue.bnf.fr/ark:/12148/cb11976234m</marc:controlfield><marc:controlfield tag="005">20140403</marc:controlfield><marc:datafield tag="039" ind1=" " ind2=" "><marc:subfield code="o">OPL</marc:subfield><marc:subfield code="a">002127231</marc:subfield></marc:datafield><marc:datafield tag="100" ind1=" " ind2=" "><marc:subfield code="a">19850702afrey50      ba0</marc:subfield></marc:datafield><marc:datafield tag="106" ind1=" " ind2=" "><marc:subfield code="a">220</marc:subfield></marc:datafield><marc:datafield tag="152" ind1=" " ind2=" "><marc:subfield code="b">rameau</marc:subfield><marc:subfield code="c">2</marc:subfield></marc:datafield><marc:datafield tag="250" ind1=" " ind2=" "><marc:subfield code="7">ba0yba0y</marc:subfield><marc:subfield code="8">fre   </marc:subfield><marc:subfield code="a">15e siècle</marc:subfield></marc:datafield><marc:datafield tag="330" ind1=" " ind2=" "><marc:subfield code="a">S&apos;emploie uniquement en subdivision chronologique [sans subd. géogr.] à tous sujets noms communs et noms propres, à l&apos;exception des personnes et des sujets pour lesquels il existe un découpage chronologique spécifique, par ex. : Grande-Bretagne -- 1399-1485 (Lancastre et York)</marc:subfield></marc:datafield><marc:datafield tag="450" ind1=" " ind2=" "><marc:subfield code="7">ba0yba0y</marc:subfield><marc:subfield code="8">fre   </marc:subfield><marc:subfield code="a">15e siècle (subdivision)</marc:subfield></marc:datafield><marc:datafield tag="450" ind1=" " ind2=" "><marc:subfield code="7">ba0yba0y</marc:subfield><marc:subfield code="8">fre   </marc:subfield><marc:subfield code="a">Quinzième siècle (subdivision)</marc:subfield></marc:datafield><marc:datafield tag="450" ind1=" " ind2=" "><marc:subfield code="7">ba0yba0y</marc:subfield><marc:subfield code="8">fre   </marc:subfield><marc:subfield code="a">XVe siècle (subdivision)</marc:subfield></marc:datafield><marc:datafield tag="550" ind1=" " ind2=" "><marc:subfield code="5">z</marc:subfield><marc:subfield code="0">Voir aussi</marc:subfield><marc:subfield code="3">11973624</marc:subfield><marc:subfield code="7">ba0yba0y</marc:subfield><marc:subfield code="8">fre   </marc:subfield><marc:subfield code="a">Quinzième siècle</marc:subfield></marc:datafield><marc:datafield tag="550" ind1=" " ind2=" "><marc:subfield code="5">g</marc:subfield><marc:subfield code="3">11975717</marc:subfield><marc:subfield code="7">ba0yba0y</marc:subfield><marc:subfield code="8">fre   </marc:subfield><marc:subfield code="a">Moyen âge</marc:subfield></marc:datafield><marc:datafield tag="550" ind1=" " ind2=" "><marc:subfield code="5">g</marc:subfield><marc:subfield code="3">11993774</marc:subfield><marc:subfield code="7">ba0yba0y</marc:subfield><marc:subfield code="8">fre   </marc:subfield><marc:subfield code="a">Renaissance</marc:subfield></marc:datafield><marc:datafield tag="686" ind1=" " ind2=" "><marc:subfield code="a">900</marc:subfield><marc:subfield code="c">Histoire et géographie (généralités)</marc:subfield><marc:subfield code="2">Note de regroupement par domaine</marc:subfield></marc:datafield><marc:datafield tag="801" ind1=" " ind2=" "><marc:subfield code="a">FR</marc:subfield><marc:subfield code="b">FR-751131015</marc:subfield><marc:subfield code="c">20140403</marc:subfield></marc:datafield><marc:datafield tag="822" ind1="1" ind2=" "><marc:subfield code="a">15th century</marc:subfield><marc:subfield code="2">LCSH</marc:subfield><marc:subfield code="u">http://id.loc.gov/authorities/subjects/sh2002012469</marc:subfield><marc:subfield code="d">2017-02-09</marc:subfield></marc:datafield></marc:record>