<marc:record><marc:leader>00906cx  a2200229   4500</marc:leader><marc:controlfield tag="001">FRBNF120861936</marc:controlfield><marc:controlfield tag="003">http://catalogue.bnf.fr/ark:/12148/cb12086193n</marc:controlfield><marc:controlfield tag="005">20120612</marc:controlfield><marc:datafield tag="010" ind1=" " ind2=" "><marc:subfield code="a">0000000108832117</marc:subfield><marc:subfield code="2">VIAF</marc:subfield><marc:subfield code="d">20130724</marc:subfield></marc:datafield><marc:datafield tag="039" ind1=" " ind2=" "><marc:subfield code="o">OPL</marc:subfield><marc:subfield code="a">004141190</marc:subfield></marc:datafield><marc:datafield tag="039" ind1=" " ind2=" "><marc:subfield code="o">OPP</marc:subfield><marc:subfield code="a">14356331</marc:subfield><marc:subfield code="d">20120605</marc:subfield></marc:datafield><marc:datafield tag="100" ind1=" " ind2=" "><marc:subfield code="a">19880928afrey50      ba0</marc:subfield></marc:datafield><marc:datafield tag="101" ind1=" " ind2=" "><marc:subfield code="a">fre</marc:subfield><marc:subfield code="t">gmh</marc:subfield><marc:subfield code="t">rus</marc:subfield></marc:datafield><marc:datafield tag="102" ind1=" " ind2=" "><marc:subfield code="a">FR</marc:subfield></marc:datafield><marc:datafield tag="103" ind1=" " ind2=" "><marc:subfield code="a"> 19460711</marc:subfield></marc:datafield><marc:datafield tag="105" ind1=" " ind2=" "><marc:subfield code="a">a</marc:subfield><marc:subfield code="a">p</marc:subfield></marc:datafield><marc:datafield tag="106" ind1=" " ind2=" "><marc:subfield code="a">1</marc:subfield></marc:datafield><marc:datafield tag="120" ind1=" " ind2=" "><marc:subfield code="a">b</marc:subfield></marc:datafield><marc:datafield tag="200" ind1=" " ind2=" "><marc:subfield code="7">ba0yba0y</marc:subfield><marc:subfield code="8">fre   </marc:subfield><marc:subfield code="9"> 0 </marc:subfield><marc:subfield code="a">Cazacu</marc:subfield><marc:subfield code="b">Matei</marc:subfield><marc:subfield code="f">1946-....</marc:subfield></marc:datafield><marc:datafield tag="300" ind1="0" ind2=" "><marc:subfield code="a">Chercheur au CNRS (en 1988). - Enseigne l&apos;histoire de la Roumanie à l&apos;Université de Paris IV (en 1988). - Chargé de recherche à l&apos;Institut de recherche et d&apos;histoire des textes, section slave (en 1983). - Archiviste paléographe (1977)</marc:subfield></marc:datafield><marc:datafield tag="801" ind1=" " ind2=" "><marc:subfield code="a">FR</marc:subfield><marc:subfield code="b">FR-751131015</marc:subfield><marc:subfield code="c">20120612</marc:subfield></marc:datafield><marc:datafield tag="810" ind1=" " ind2=" "><marc:subfield code="a">L&apos;Histoire du prince Dracula... : éd. critique, trad. et commentaire / M. Cazacu, 1988</marc:subfield></marc:datafield></marc:record>