<marc:record><marc:leader>01154cx  j2200265   4500</marc:leader><marc:controlfield tag="001">FRBNF121138614</marc:controlfield><marc:controlfield tag="003">http://catalogue.bnf.fr/ark:/12148/cb12113861z</marc:controlfield><marc:controlfield tag="005">20150316</marc:controlfield><marc:datafield tag="039" ind1=" " ind2=" "><marc:subfield code="o">OPL</marc:subfield><marc:subfield code="a">004575219</marc:subfield></marc:datafield><marc:datafield tag="100" ind1=" " ind2=" "><marc:subfield code="a">19890526afrey50      ba0</marc:subfield></marc:datafield><marc:datafield tag="106" ind1=" " ind2=" "><marc:subfield code="a">211</marc:subfield></marc:datafield><marc:datafield tag="152" ind1=" " ind2=" "><marc:subfield code="b">rameau</marc:subfield><marc:subfield code="c">2</marc:subfield></marc:datafield><marc:datafield tag="250" ind1=" " ind2=" "><marc:subfield code="7">ba0yba0y</marc:subfield><marc:subfield code="8">fre   </marc:subfield><marc:subfield code="a">Expressionnisme (cinéma)</marc:subfield></marc:datafield><marc:datafield tag="450" ind1=" " ind2=" "><marc:subfield code="7">ba0yba0y</marc:subfield><marc:subfield code="8">fre   </marc:subfield><marc:subfield code="a">Cinéma expressionniste</marc:subfield></marc:datafield><marc:datafield tag="450" ind1=" " ind2=" "><marc:subfield code="7">ba0yba0y</marc:subfield><marc:subfield code="8">fre   </marc:subfield><marc:subfield code="a">Expressionnisme cinématographique</marc:subfield></marc:datafield><marc:datafield tag="450" ind1=" " ind2=" "><marc:subfield code="7">ba0yba0y</marc:subfield><marc:subfield code="8">fre   </marc:subfield><marc:subfield code="a">Films expressionnistes</marc:subfield><marc:subfield code="x">Histoire et critique</marc:subfield></marc:datafield><marc:datafield tag="550" ind1=" " ind2=" "><marc:subfield code="5">g</marc:subfield><marc:subfield code="3">16192535</marc:subfield><marc:subfield code="7">ba0yba0y</marc:subfield><marc:subfield code="8">fre   </marc:subfield><marc:subfield code="a">Cinéma</marc:subfield><marc:subfield code="x">Allemagne</marc:subfield></marc:datafield><marc:datafield tag="550" ind1=" " ind2=" "><marc:subfield code="5">g</marc:subfield><marc:subfield code="3">11931199</marc:subfield><marc:subfield code="7">ba0yba0y</marc:subfield><marc:subfield code="8">fre   </marc:subfield><marc:subfield code="9">  2</marc:subfield><marc:subfield code="a">Cinéma</marc:subfield><marc:subfield code="x">Esthétique</marc:subfield></marc:datafield><marc:datafield tag="550" ind1=" " ind2=" "><marc:subfield code="5">g</marc:subfield><marc:subfield code="3">11937154</marc:subfield><marc:subfield code="7">ba0yba0y</marc:subfield><marc:subfield code="8">fre   </marc:subfield><marc:subfield code="9">  2</marc:subfield><marc:subfield code="a">Expressionnisme</marc:subfield></marc:datafield><marc:datafield tag="686" ind1=" " ind2=" "><marc:subfield code="a">791</marc:subfield><marc:subfield code="c">Audiovisuel</marc:subfield><marc:subfield code="2">Note de regroupement par domaine</marc:subfield></marc:datafield><marc:datafield tag="801" ind1=" " ind2=" "><marc:subfield code="a">FR</marc:subfield><marc:subfield code="b">FR-751131015</marc:subfield><marc:subfield code="c">20150316</marc:subfield></marc:datafield><marc:datafield tag="810" ind1=" " ind2=" "><marc:subfield code="a">Grand Larousse universel</marc:subfield></marc:datafield><marc:datafield tag="810" ind1=" " ind2=" "><marc:subfield code="a">L&apos;encycl. du cinéma / R. Boussinot, 1995</marc:subfield><marc:subfield code="a">Dict. du cinéma / J.-L. Passek, 1991</marc:subfield></marc:datafield><marc:datafield tag="822" ind1="1" ind2="2"><marc:subfield code="a">Expressionnisme (cinéma)</marc:subfield><marc:subfield code="2">RVMLaval</marc:subfield><marc:subfield code="d">2015-03-16</marc:subfield></marc:datafield><marc:datafield tag="822" ind1="1" ind2=" "><marc:subfield code="a">Expressionism in motion pictures</marc:subfield><marc:subfield code="2">LCSH</marc:subfield><marc:subfield code="u">http://id.loc.gov/authorities/subjects/sh97000960</marc:subfield><marc:subfield code="d">2017-02-09</marc:subfield></marc:datafield></marc:record>