<marc:record><marc:leader>00915cx  a2200265   4500</marc:leader><marc:controlfield tag="001">FRBNF121216618</marc:controlfield><marc:controlfield tag="003">http://catalogue.bnf.fr/ark:/12148/cb121216614</marc:controlfield><marc:controlfield tag="005">20220506</marc:controlfield><marc:datafield tag="010" ind1=" " ind2=" "><marc:subfield code="a">0000000122768254</marc:subfield><marc:subfield code="2">ISNI</marc:subfield><marc:subfield code="d">20150313</marc:subfield></marc:datafield><marc:datafield tag="039" ind1=" " ind2=" "><marc:subfield code="o">OPL</marc:subfield><marc:subfield code="a">004689678</marc:subfield></marc:datafield><marc:datafield tag="039" ind1=" " ind2=" "><marc:subfield code="o">OPP</marc:subfield><marc:subfield code="a">14689082</marc:subfield><marc:subfield code="d">20070924</marc:subfield></marc:datafield><marc:datafield tag="039" ind1=" " ind2=" "><marc:subfield code="o">OPP</marc:subfield><marc:subfield code="a">14861684</marc:subfield><marc:subfield code="d">20070924</marc:subfield></marc:datafield><marc:datafield tag="100" ind1=" " ind2=" "><marc:subfield code="a">19890818afrey50      ba0</marc:subfield></marc:datafield><marc:datafield tag="102" ind1=" " ind2=" "><marc:subfield code="a">US</marc:subfield></marc:datafield><marc:datafield tag="103" ind1=" " ind2=" "><marc:subfield code="a"> 18821020  19560816</marc:subfield></marc:datafield><marc:datafield tag="105" ind1=" " ind2=" "><marc:subfield code="a">a</marc:subfield><marc:subfield code="a">i</marc:subfield></marc:datafield><marc:datafield tag="106" ind1=" " ind2=" "><marc:subfield code="a">010</marc:subfield></marc:datafield><marc:datafield tag="120" ind1=" " ind2=" "><marc:subfield code="a">b</marc:subfield></marc:datafield><marc:datafield tag="152" ind1=" " ind2=" "><marc:subfield code="c">2</marc:subfield></marc:datafield><marc:datafield tag="200" ind1=" " ind2=" "><marc:subfield code="7">ba0yba0y</marc:subfield><marc:subfield code="8">fre   </marc:subfield><marc:subfield code="9"> 0 </marc:subfield><marc:subfield code="a">Lugosi</marc:subfield><marc:subfield code="b">Bela</marc:subfield><marc:subfield code="f">1882-1956</marc:subfield></marc:datafield><marc:datafield tag="300" ind1=" " ind2=" "><marc:subfield code="a">Acteur</marc:subfield></marc:datafield><marc:datafield tag="801" ind1=" " ind2=" "><marc:subfield code="a">FR</marc:subfield><marc:subfield code="b">FR-751131015</marc:subfield><marc:subfield code="c">20220506</marc:subfield></marc:datafield><marc:datafield tag="810" ind1=" " ind2=" "><marc:subfield code="a">Ninotchka [Images animées] / Ernst Lubitsch, réal. ; Walter Reisch, Bela Lugosi... [et al.], act. Warner home video France, [1994]</marc:subfield></marc:datafield><marc:datafield tag="810" ind1=" " ind2=" "><marc:subfield code="a">IMDb - https://www.imdb.com/name/nm0000509/?ref_=fn_al_nm_1 (2016-10-06)</marc:subfield></marc:datafield><marc:datafield tag="856" ind1=" " ind2=" "><marc:subfield code="u">https://www.imdb.com/name/nm0000509/?ref_=fn_al_nm_1</marc:subfield><marc:subfield code="e">2016-10-06</marc:subfield></marc:datafield></marc:record>