<marc:record><marc:leader>01200cx  a2200301   4500</marc:leader><marc:controlfield tag="001">FRBNF121714679</marc:controlfield><marc:controlfield tag="003">http://catalogue.bnf.fr/ark:/12148/cb12171467p</marc:controlfield><marc:controlfield tag="005">20141105</marc:controlfield><marc:datafield tag="010" ind1=" " ind2=" "><marc:subfield code="a">0000000116057085</marc:subfield><marc:subfield code="2">ISNI</marc:subfield><marc:subfield code="d">20170818</marc:subfield></marc:datafield><marc:datafield tag="039" ind1=" " ind2=" "><marc:subfield code="o">OPL</marc:subfield><marc:subfield code="a">006620175</marc:subfield><marc:subfield code="z">AMA</marc:subfield></marc:datafield><marc:datafield tag="039" ind1=" " ind2=" "><marc:subfield code="o">OPL</marc:subfield><marc:subfield code="a">005582063</marc:subfield><marc:subfield code="z">APP</marc:subfield></marc:datafield><marc:datafield tag="039" ind1=" " ind2=" "><marc:subfield code="o">OPP</marc:subfield><marc:subfield code="a">13989757</marc:subfield><marc:subfield code="d">20141105</marc:subfield></marc:datafield><marc:datafield tag="039" ind1=" " ind2=" "><marc:subfield code="o">OPP</marc:subfield><marc:subfield code="a">11627758</marc:subfield><marc:subfield code="d">20141105</marc:subfield></marc:datafield><marc:datafield tag="100" ind1=" " ind2=" "><marc:subfield code="a">19901126afrey50      ba0</marc:subfield></marc:datafield><marc:datafield tag="101" ind1=" " ind2=" "><marc:subfield code="a">ger</marc:subfield></marc:datafield><marc:datafield tag="102" ind1=" " ind2=" "><marc:subfield code="a">XX</marc:subfield></marc:datafield><marc:datafield tag="103" ind1=" " ind2=" "><marc:subfield code="a"> 18821107  19421121</marc:subfield></marc:datafield><marc:datafield tag="105" ind1=" " ind2=" "><marc:subfield code="a">a</marc:subfield></marc:datafield><marc:datafield tag="106" ind1=" " ind2=" "><marc:subfield code="a">010</marc:subfield></marc:datafield><marc:datafield tag="120" ind1=" " ind2=" "><marc:subfield code="a">b</marc:subfield></marc:datafield><marc:datafield tag="152" ind1=" " ind2=" "><marc:subfield code="c">2</marc:subfield></marc:datafield><marc:datafield tag="200" ind1=" " ind2=" "><marc:subfield code="7">ba0yba0y</marc:subfield><marc:subfield code="8">fre   </marc:subfield><marc:subfield code="9"> 0 </marc:subfield><marc:subfield code="a">Erdmann</marc:subfield><marc:subfield code="b">Hans</marc:subfield><marc:subfield code="f">1882-1942</marc:subfield></marc:datafield><marc:datafield tag="300" ind1=" " ind2=" "><marc:subfield code="a">Compositeur de musique de film et théoricien. - Rédacteur en chef de la Revue Film-Ton-Kunst (en 1926). - Membre fondateur de la Gesellschaft der Film-Musik-Autoren</marc:subfield></marc:datafield><marc:datafield tag="301" ind1=" " ind2=" "><marc:subfield code="a">Breslau, Allemagne</marc:subfield><marc:subfield code="b">Berlin</marc:subfield></marc:datafield><marc:datafield tag="400" ind1=" " ind2=" "><marc:subfield code="7">ba0yba0y</marc:subfield><marc:subfield code="8">fre   </marc:subfield><marc:subfield code="a">Guckel</marc:subfield><marc:subfield code="b">Hans Erdmann Timotheos</marc:subfield><marc:subfield code="f">1882-1942</marc:subfield></marc:datafield><marc:datafield tag="686" ind1=" " ind2=" "><marc:subfield code="a">791</marc:subfield><marc:subfield code="c">Audiovisuel</marc:subfield><marc:subfield code="2">Note de regroupement par domaine</marc:subfield></marc:datafield><marc:datafield tag="801" ind1=" " ind2=" "><marc:subfield code="a">FR</marc:subfield><marc:subfield code="b">FR-751131015</marc:subfield><marc:subfield code="c">20141105</marc:subfield></marc:datafield><marc:datafield tag="810" ind1=" " ind2=" "><marc:subfield code="a">Allgemeines Handbuch der Film-Musik : I. Musik und Film Verzeichnisse [-II. Thematisches Skalenregister] / von Hans Erdmann und Giuseppe Becce ; unter Mitarbeit von Ludwig Brav, 1927</marc:subfield></marc:datafield></marc:record>