<marc:record><marc:leader>01097cx  a2200217   4500</marc:leader><marc:controlfield tag="001">FRBNF121791444</marc:controlfield><marc:controlfield tag="003">http://catalogue.bnf.fr/ark:/12148/cb121791444</marc:controlfield><marc:controlfield tag="005">20051020</marc:controlfield><marc:datafield tag="010" ind1=" " ind2=" "><marc:subfield code="a">0000000039324716</marc:subfield><marc:subfield code="2">VIAF</marc:subfield><marc:subfield code="d">20130725</marc:subfield></marc:datafield><marc:datafield tag="039" ind1=" " ind2=" "><marc:subfield code="o">OPL</marc:subfield><marc:subfield code="a">005968104</marc:subfield></marc:datafield><marc:datafield tag="100" ind1=" " ind2=" "><marc:subfield code="a">19901227afrey50      ba0</marc:subfield></marc:datafield><marc:datafield tag="101" ind1=" " ind2=" "><marc:subfield code="a">fre</marc:subfield></marc:datafield><marc:datafield tag="102" ind1=" " ind2=" "><marc:subfield code="a">FR</marc:subfield></marc:datafield><marc:datafield tag="103" ind1=" " ind2=" "><marc:subfield code="a"> 19..</marc:subfield></marc:datafield><marc:datafield tag="105" ind1=" " ind2=" "><marc:subfield code="a">a</marc:subfield></marc:datafield><marc:datafield tag="106" ind1=" " ind2=" "><marc:subfield code="a">1</marc:subfield></marc:datafield><marc:datafield tag="120" ind1=" " ind2=" "><marc:subfield code="a">b</marc:subfield></marc:datafield><marc:datafield tag="200" ind1=" " ind2=" "><marc:subfield code="7">ba0yba0y</marc:subfield><marc:subfield code="8">fre   </marc:subfield><marc:subfield code="9"> 0 </marc:subfield><marc:subfield code="a">Sipière</marc:subfield><marc:subfield code="b">Dominique</marc:subfield></marc:datafield><marc:datafield tag="300" ind1="0" ind2=" "><marc:subfield code="a">Agrégé d&apos;anglais et docteur ès lettres. - Spécialiste de cinéma classique américain. - Maître de conférences à l&apos;Université de Picardie (en 1995) puis professeur à l&apos;Université du Littoral (en 2005). - Président honoraire de la SERCIA, Société d&apos;études et de recherches sur le cinéma anglophone (en 2005)</marc:subfield></marc:datafield><marc:datafield tag="801" ind1=" " ind2=" "><marc:subfield code="a">FR</marc:subfield><marc:subfield code="b">FR-751131015</marc:subfield><marc:subfield code="c">20051020</marc:subfield></marc:datafield><marc:datafield tag="810" ind1=" " ind2=" "><marc:subfield code="a">Mariages à la mode anglo-saxonne / textes réunis et présentés par Roger Lejosne et Dominique Sipière, 1995</marc:subfield><marc:subfield code="a">&quot;Dracula&quot; : l&apos;oeuvre de Bram Stoker et le film de Francis F. Coppola / ouvrage dirigé par Gilles Menegaldo et Dominique Sipière, impr. 2005</marc:subfield></marc:datafield></marc:record>