<marc:record><marc:leader>01999cx  b2200409   4500</marc:leader><marc:controlfield tag="001">FRBNF12209507X</marc:controlfield><marc:controlfield tag="003">http://catalogue.bnf.fr/ark:/12148/cb12209507r</marc:controlfield><marc:controlfield tag="005">20100125</marc:controlfield><marc:datafield tag="010" ind1=" " ind2=" "><marc:subfield code="a">0000000122653959</marc:subfield><marc:subfield code="2">ISNI</marc:subfield><marc:subfield code="d">20150313</marc:subfield></marc:datafield><marc:datafield tag="039" ind1=" " ind2=" "><marc:subfield code="o">OPL</marc:subfield><marc:subfield code="a">012798150</marc:subfield></marc:datafield><marc:datafield tag="039" ind1=" " ind2=" "><marc:subfield code="o">OPL</marc:subfield><marc:subfield code="a">003433672</marc:subfield><marc:subfield code="z">AMA</marc:subfield></marc:datafield><marc:datafield tag="039" ind1=" " ind2=" "><marc:subfield code="o">OPL</marc:subfield><marc:subfield code="a">007353597</marc:subfield><marc:subfield code="z">ACO</marc:subfield></marc:datafield><marc:datafield tag="039" ind1=" " ind2=" "><marc:subfield code="o">OPP</marc:subfield><marc:subfield code="a">14947895</marc:subfield><marc:subfield code="d">20090911</marc:subfield></marc:datafield><marc:datafield tag="100" ind1=" " ind2=" "><marc:subfield code="a">19910712afrey50      ba0</marc:subfield></marc:datafield><marc:datafield tag="101" ind1=" " ind2=" "><marc:subfield code="a">fre</marc:subfield></marc:datafield><marc:datafield tag="102" ind1=" " ind2=" "><marc:subfield code="a">FR</marc:subfield></marc:datafield><marc:datafield tag="103" ind1=" " ind2=" "><marc:subfield code="a"> 1895</marc:subfield></marc:datafield><marc:datafield tag="105" ind1=" " ind2=" "><marc:subfield code="a">a</marc:subfield><marc:subfield code="c">a</marc:subfield><marc:subfield code="c">d</marc:subfield><marc:subfield code="c">p</marc:subfield><marc:subfield code="c">i</marc:subfield><marc:subfield code="c">s</marc:subfield><marc:subfield code="d">g</marc:subfield><marc:subfield code="c">e</marc:subfield><marc:subfield code="d">h</marc:subfield><marc:subfield code="d">i</marc:subfield></marc:datafield><marc:datafield tag="106" ind1=" " ind2=" "><marc:subfield code="a">010</marc:subfield></marc:datafield><marc:datafield tag="150" ind1=" " ind2=" "><marc:subfield code="a">y</marc:subfield><marc:subfield code="b">c9</marc:subfield></marc:datafield><marc:datafield tag="210" ind1=" " ind2=" "><marc:subfield code="7">ba0yba0y</marc:subfield><marc:subfield code="8">fre   </marc:subfield><marc:subfield code="9">20 </marc:subfield><marc:subfield code="a">Gaumont</marc:subfield></marc:datafield><marc:datafield tag="300" ind1=" " ind2=" "><marc:subfield code="a">Entreprise fondée par Léon Gaumont sous le nom de «Comptoir général de la photographie» en 1895. - Prend le nom de &quot;Gaumont franco film Aubert&quot; en 1930. - Devient &quot;Société nouvelle des établissements Gaumont&quot; en 1938 ;  elle a pris sa dénomination actuelle en 1975. - Actuellement société de production, réalisation, distribution et exploitation cinématographiques</marc:subfield></marc:datafield><marc:datafield tag="303" ind1=" " ind2=" "><marc:subfield code="a">30 av.Charles-de-Gaulle : 92200 Neuilly-sur-Seine</marc:subfield></marc:datafield><marc:datafield tag="410" ind1=" " ind2=" "><marc:subfield code="7">ba0yba0y</marc:subfield><marc:subfield code="8">fre   </marc:subfield><marc:subfield code="a">GFFA</marc:subfield></marc:datafield><marc:datafield tag="410" ind1=" " ind2=" "><marc:subfield code="7">ba0yba0y</marc:subfield><marc:subfield code="8">fre   </marc:subfield><marc:subfield code="a">SNEG</marc:subfield></marc:datafield><marc:datafield tag="410" ind1=" " ind2=" "><marc:subfield code="7">ba0yba0y</marc:subfield><marc:subfield code="8">fre   </marc:subfield><marc:subfield code="a">Comptoir général de la photographie</marc:subfield></marc:datafield><marc:datafield tag="410" ind1=" " ind2=" "><marc:subfield code="7">ba0yba0y</marc:subfield><marc:subfield code="8">fre   </marc:subfield><marc:subfield code="a">Gaumont production</marc:subfield></marc:datafield><marc:datafield tag="410" ind1=" " ind2=" "><marc:subfield code="7">ba0yba0y</marc:subfield><marc:subfield code="8">fre   </marc:subfield><marc:subfield code="a">Gaumont vidéo</marc:subfield></marc:datafield><marc:datafield tag="410" ind1=" " ind2=" "><marc:subfield code="7">ba0yba0y</marc:subfield><marc:subfield code="8">fre   </marc:subfield><marc:subfield code="a">Gaumont international</marc:subfield></marc:datafield><marc:datafield tag="410" ind1=" " ind2=" "><marc:subfield code="7">ba0yba0y</marc:subfield><marc:subfield code="8">fre   </marc:subfield><marc:subfield code="a">Gaumont Franco film Aubert</marc:subfield></marc:datafield><marc:datafield tag="410" ind1=" " ind2=" "><marc:subfield code="7">ba0yba0y</marc:subfield><marc:subfield code="8">fre   </marc:subfield><marc:subfield code="a">Société nouvelle des établissements Gaumont</marc:subfield></marc:datafield><marc:datafield tag="510" ind1=" " ind2=" "><marc:subfield code="5">z</marc:subfield><marc:subfield code="0">Voir aussi</marc:subfield><marc:subfield code="3">17843821</marc:subfield><marc:subfield code="7">ba0yba0y</marc:subfield><marc:subfield code="8">fre   </marc:subfield><marc:subfield code="9">20 </marc:subfield><marc:subfield code="a">Cinémas Pathé Gaumont</marc:subfield></marc:datafield><marc:datafield tag="550" ind1=" " ind2=" "><marc:subfield code="5">g</marc:subfield><marc:subfield code="3">16740587</marc:subfield><marc:subfield code="7">ba0yba0y</marc:subfield><marc:subfield code="8">fre   </marc:subfield><marc:subfield code="a">Sociétés de production de cinéma</marc:subfield><marc:subfield code="y">France</marc:subfield></marc:datafield><marc:datafield tag="686" ind1=" " ind2=" "><marc:subfield code="a">791</marc:subfield><marc:subfield code="c">Audiovisuel</marc:subfield><marc:subfield code="2">Note de regroupement par domaine</marc:subfield></marc:datafield><marc:datafield tag="801" ind1=" " ind2=" "><marc:subfield code="a">FR</marc:subfield><marc:subfield code="b">FR-751131015</marc:subfield><marc:subfield code="c">20100125</marc:subfield></marc:datafield><marc:datafield tag="810" ind1=" " ind2=" "><marc:subfield code="a">Annuaire Desfossés</marc:subfield><marc:subfield code="a">Gaumont : 90 ans de cinéma, 1986 [4 ̊ Lo4. 294</marc:subfield><marc:subfield code="a">[Recueil. Photographies positives. Oeuvre de L. Gaumont &amp; Cie] [Image fixe], [1899]</marc:subfield></marc:datafield><marc:datafield tag="856" ind1=" " ind2=" "><marc:subfield code="u">http://www.gaumont.fr</marc:subfield><marc:subfield code="e">2006-03-16</marc:subfield></marc:datafield></marc:record>