<marc:record><marc:leader>01149cx  a2200289   4500</marc:leader><marc:controlfield tag="001">FRBNF122613366</marc:controlfield><marc:controlfield tag="003">http://catalogue.bnf.fr/ark:/12148/cb122613363</marc:controlfield><marc:controlfield tag="005">20090203</marc:controlfield><marc:datafield tag="010" ind1=" " ind2=" "><marc:subfield code="a">000000008170961X</marc:subfield><marc:subfield code="2">VIAF</marc:subfield><marc:subfield code="d">20130725</marc:subfield></marc:datafield><marc:datafield tag="039" ind1=" " ind2=" "><marc:subfield code="o">OPL</marc:subfield><marc:subfield code="a">008330224</marc:subfield></marc:datafield><marc:datafield tag="039" ind1=" " ind2=" "><marc:subfield code="o">OPP</marc:subfield><marc:subfield code="a">14032109</marc:subfield><marc:subfield code="d">20061220</marc:subfield></marc:datafield><marc:datafield tag="100" ind1=" " ind2=" "><marc:subfield code="a">19920902afrey50      ba0</marc:subfield></marc:datafield><marc:datafield tag="101" ind1=" " ind2=" "><marc:subfield code="a">eng</marc:subfield></marc:datafield><marc:datafield tag="102" ind1=" " ind2=" "><marc:subfield code="a">US</marc:subfield></marc:datafield><marc:datafield tag="103" ind1=" " ind2=" "><marc:subfield code="a"> 1960</marc:subfield></marc:datafield><marc:datafield tag="105" ind1=" " ind2=" "><marc:subfield code="a">a</marc:subfield></marc:datafield><marc:datafield tag="106" ind1=" " ind2=" "><marc:subfield code="a">1</marc:subfield></marc:datafield><marc:datafield tag="120" ind1=" " ind2=" "><marc:subfield code="a">b</marc:subfield></marc:datafield><marc:datafield tag="152" ind1=" " ind2=" "><marc:subfield code="c">2</marc:subfield></marc:datafield><marc:datafield tag="200" ind1=" " ind2=" "><marc:subfield code="7">ba0yba0y</marc:subfield><marc:subfield code="8">fre   </marc:subfield><marc:subfield code="9"> 0 </marc:subfield><marc:subfield code="a">Hart</marc:subfield><marc:subfield code="b">James V.</marc:subfield><marc:subfield code="f">1960-....</marc:subfield></marc:datafield><marc:datafield tag="300" ind1="0" ind2=" "><marc:subfield code="a">Scénariste et producteur de films</marc:subfield></marc:datafield><marc:datafield tag="400" ind1=" " ind2=" "><marc:subfield code="7">ba0yba0y</marc:subfield><marc:subfield code="8">fre   </marc:subfield><marc:subfield code="a">Hart</marc:subfield><marc:subfield code="b">Jim V.</marc:subfield><marc:subfield code="f">1960-....</marc:subfield></marc:datafield><marc:datafield tag="400" ind1=" " ind2=" "><marc:subfield code="7">ba0yba0y</marc:subfield><marc:subfield code="8">fre   </marc:subfield><marc:subfield code="a">Hart</marc:subfield><marc:subfield code="b">Jim</marc:subfield><marc:subfield code="f">1960-....</marc:subfield></marc:datafield><marc:datafield tag="801" ind1=" " ind2=" "><marc:subfield code="a">FR</marc:subfield><marc:subfield code="b">FR-751131015</marc:subfield><marc:subfield code="c">20090203</marc:subfield></marc:datafield><marc:datafield tag="810" ind1=" " ind2=" "><marc:subfield code="a">Dracula / Fred Saberhagen et James V. Hart, 1992</marc:subfield><marc:subfield code="a">Hook ou la revanche du Capitaine Crochet [Images animées] / Steven Spielberg, réal. ; [...] Jim V. Hart, scénario, adapt., [1993]</marc:subfield></marc:datafield><marc:datafield tag="810" ind1=" " ind2=" "><marc:subfield code="a">LC authorities - http://authorities.loc.gov (2006-12-05)</marc:subfield><marc:subfield code="a">IMDB - http://www.imdb.com/name/nm0366337 (2008-10-21)</marc:subfield></marc:datafield><marc:datafield tag="856" ind1=" " ind2=" "><marc:subfield code="u">http://authorities.loc.gov/</marc:subfield><marc:subfield code="e">2006-12-05</marc:subfield><marc:subfield code="u">http://www.imdb.com/name/nm0366337/</marc:subfield><marc:subfield code="e">2008-10-21</marc:subfield></marc:datafield></marc:record>