<marc:record><marc:leader>00884cx  a2200217   4500</marc:leader><marc:controlfield tag="001">FRBNF123453434</marc:controlfield><marc:controlfield tag="003">http://catalogue.bnf.fr/ark:/12148/cb123453433</marc:controlfield><marc:controlfield tag="005">20170220</marc:controlfield><marc:datafield tag="010" ind1=" " ind2=" "><marc:subfield code="a">0000000122818514</marc:subfield><marc:subfield code="2">VIAF</marc:subfield><marc:subfield code="d">20130726</marc:subfield></marc:datafield><marc:datafield tag="039" ind1=" " ind2=" "><marc:subfield code="o">OPL</marc:subfield><marc:subfield code="a">009387413</marc:subfield></marc:datafield><marc:datafield tag="100" ind1=" " ind2=" "><marc:subfield code="a">19931104afrey50      ba0</marc:subfield></marc:datafield><marc:datafield tag="101" ind1=" " ind2=" "><marc:subfield code="a">fre</marc:subfield></marc:datafield><marc:datafield tag="102" ind1=" " ind2=" "><marc:subfield code="a">FR</marc:subfield></marc:datafield><marc:datafield tag="103" ind1=" " ind2=" "><marc:subfield code="a"> 19470531</marc:subfield></marc:datafield><marc:datafield tag="105" ind1=" " ind2=" "><marc:subfield code="a">a</marc:subfield></marc:datafield><marc:datafield tag="106" ind1=" " ind2=" "><marc:subfield code="a">1</marc:subfield></marc:datafield><marc:datafield tag="120" ind1=" " ind2=" "><marc:subfield code="a">b</marc:subfield></marc:datafield><marc:datafield tag="200" ind1=" " ind2=" "><marc:subfield code="7">ba0yba0y</marc:subfield><marc:subfield code="8">fre   </marc:subfield><marc:subfield code="9"> 0 </marc:subfield><marc:subfield code="a">Ménégaldo</marc:subfield><marc:subfield code="b">Gilles</marc:subfield><marc:subfield code="f">1947-....</marc:subfield></marc:datafield><marc:datafield tag="300" ind1="0" ind2=" "><marc:subfield code="a">Professeur de littérature et cinéma à l&apos;Université de Poitiers (en 2003). - Président de la SERCIA, Société d&apos;études et de recherches sur le cinéma anglo-saxon (en 2003)</marc:subfield></marc:datafield><marc:datafield tag="801" ind1=" " ind2=" "><marc:subfield code="a">FR</marc:subfield><marc:subfield code="b">FR-751131015</marc:subfield><marc:subfield code="c">20170220</marc:subfield></marc:datafield><marc:datafield tag="810" ind1=" " ind2=" "><marc:subfield code="a">Dracula / dir. par Jean Marigny, 1997</marc:subfield><marc:subfield code="a">&quot;A streetcar named desire&quot;, Tennesse Williams, 1947, Elia Kazan, 1951... / dir. par Gilles Menegaldo et Anne-Marie Paquet-Deyris, 2003</marc:subfield></marc:datafield></marc:record>