<marc:record><marc:leader>01053cx  a2200241   4500</marc:leader><marc:controlfield tag="001">FRBNF135776299</marc:controlfield><marc:controlfield tag="003">http://catalogue.bnf.fr/ark:/12148/cb13577629z</marc:controlfield><marc:controlfield tag="005">20131203</marc:controlfield><marc:datafield tag="010" ind1=" " ind2=" "><marc:subfield code="a">0000000121195730</marc:subfield><marc:subfield code="2">ISNI</marc:subfield><marc:subfield code="d">20150313</marc:subfield></marc:datafield><marc:datafield tag="039" ind1=" " ind2=" "><marc:subfield code="o">OPL</marc:subfield><marc:subfield code="a">015244284</marc:subfield></marc:datafield><marc:datafield tag="100" ind1=" " ind2=" "><marc:subfield code="a">20001220afrey50      ba0</marc:subfield></marc:datafield><marc:datafield tag="101" ind1=" " ind2=" "><marc:subfield code="a">fre</marc:subfield><marc:subfield code="t">eng</marc:subfield></marc:datafield><marc:datafield tag="102" ind1=" " ind2=" "><marc:subfield code="a">FR</marc:subfield></marc:datafield><marc:datafield tag="103" ind1=" " ind2=" "><marc:subfield code="a"> 19731006</marc:subfield></marc:datafield><marc:datafield tag="105" ind1=" " ind2=" "><marc:subfield code="a">a</marc:subfield></marc:datafield><marc:datafield tag="106" ind1=" " ind2=" "><marc:subfield code="a">1</marc:subfield></marc:datafield><marc:datafield tag="120" ind1=" " ind2=" "><marc:subfield code="a">a</marc:subfield></marc:datafield><marc:datafield tag="200" ind1=" " ind2=" "><marc:subfield code="7">ba0yba0y</marc:subfield><marc:subfield code="8">fre   </marc:subfield><marc:subfield code="9"> 0 </marc:subfield><marc:subfield code="a">Valls de Gomis</marc:subfield><marc:subfield code="b">Estelle</marc:subfield><marc:subfield code="f">1973-....</marc:subfield></marc:datafield><marc:datafield tag="300" ind1="0" ind2=" "><marc:subfield code="a">Traductrice. - Auteur de romans de science-fiction. - Illustratrice</marc:subfield></marc:datafield><marc:datafield tag="400" ind1=" " ind2=" "><marc:subfield code="7">ba0yba0y</marc:subfield><marc:subfield code="8">fre   </marc:subfield><marc:subfield code="a">Gomis</marc:subfield><marc:subfield code="b">Estelle Valls de</marc:subfield><marc:subfield code="f">1973-....</marc:subfield></marc:datafield><marc:datafield tag="801" ind1=" " ind2=" "><marc:subfield code="a">FR</marc:subfield><marc:subfield code="b">FR-751131015</marc:subfield><marc:subfield code="c">20131203</marc:subfield></marc:datafield><marc:datafield tag="810" ind1=" " ind2=" "><marc:subfield code="a">Le baiser de l&apos;homme mort / Robert Weinberg ; trad. de l&apos;américain par Estelle Valls de Gomis, 2000</marc:subfield><marc:subfield code="a">Fantastique, fantasy, science-fiction / dirigé par Léa Silhol et Estelle Valls de Gomis, DL 2005</marc:subfield><marc:subfield code="a">Fantaisies japonisantes / illustrations, Estelle Valls de Gomis, impr. 2008</marc:subfield></marc:datafield><marc:datafield tag="856" ind1=" " ind2=" "><marc:subfield code="u">http://media.wix.com/ugd//83e042_7a39238c8945a352bfccedbbbb39b1e9.pdf</marc:subfield><marc:subfield code="e">2013-11-25</marc:subfield></marc:datafield></marc:record>