<marc:record><marc:leader>01257cx  a2200265   4500</marc:leader><marc:controlfield tag="001">FRBNF136162418</marc:controlfield><marc:controlfield tag="003">http://catalogue.bnf.fr/ark:/12148/cb13616241d</marc:controlfield><marc:controlfield tag="005">20220627</marc:controlfield><marc:datafield tag="010" ind1=" " ind2=" "><marc:subfield code="a">0000000110591869</marc:subfield><marc:subfield code="2">VIAF</marc:subfield><marc:subfield code="d">20130731</marc:subfield></marc:datafield><marc:datafield tag="039" ind1=" " ind2=" "><marc:subfield code="o">OPL</marc:subfield><marc:subfield code="a">01546769X</marc:subfield></marc:datafield><marc:datafield tag="039" ind1=" " ind2=" "><marc:subfield code="o">OPP</marc:subfield><marc:subfield code="a">14604542</marc:subfield><marc:subfield code="d">20180309</marc:subfield></marc:datafield><marc:datafield tag="100" ind1=" " ind2=" "><marc:subfield code="a">20010511afrey50      ba0</marc:subfield></marc:datafield><marc:datafield tag="101" ind1=" " ind2=" "><marc:subfield code="a">eng</marc:subfield></marc:datafield><marc:datafield tag="102" ind1=" " ind2=" "><marc:subfield code="a">GB</marc:subfield></marc:datafield><marc:datafield tag="103" ind1=" " ind2=" "><marc:subfield code="a"> 19640825</marc:subfield></marc:datafield><marc:datafield tag="105" ind1=" " ind2=" "><marc:subfield code="a">a</marc:subfield></marc:datafield><marc:datafield tag="106" ind1=" " ind2=" "><marc:subfield code="a">1</marc:subfield></marc:datafield><marc:datafield tag="120" ind1=" " ind2=" "><marc:subfield code="a">b</marc:subfield></marc:datafield><marc:datafield tag="152" ind1=" " ind2=" "><marc:subfield code="c">2</marc:subfield></marc:datafield><marc:datafield tag="200" ind1=" " ind2=" "><marc:subfield code="7">ba0yba0y</marc:subfield><marc:subfield code="8">fre   </marc:subfield><marc:subfield code="9"> 0 </marc:subfield><marc:subfield code="a">Hughes</marc:subfield><marc:subfield code="b">William</marc:subfield><marc:subfield code="f">1964-....</marc:subfield></marc:datafield><marc:datafield tag="300" ind1="0" ind2=" "><marc:subfield code="a">Spécialiste du roman gothique. - Professeur de littérature, Bath Spa university, GB (en 2015). - Docteur en littérature (University of East Anglia, Norwich, GB, 1993)</marc:subfield></marc:datafield><marc:datafield tag="801" ind1=" " ind2=" "><marc:subfield code="a">FR</marc:subfield><marc:subfield code="b">FR-751131015</marc:subfield><marc:subfield code="c">20220627</marc:subfield></marc:datafield><marc:datafield tag="810" ind1=" " ind2=" "><marc:subfield code="a">Contemporary writing and national identity / ed. by Tracey Hill and William Hughes, 1995</marc:subfield><marc:subfield code="a">That devil&apos;s trick : hypnotism and the Victorian popular imagination / William Hughes, 2015</marc:subfield></marc:datafield><marc:datafield tag="810" ind1=" " ind2=" "><marc:subfield code="a">Bibliogr. G.B. (CD), 2001-03</marc:subfield><marc:subfield code="a">LC Authorities - https://lccn.loc.gov/n97086815 (2022-06-27)</marc:subfield><marc:subfield code="a">Bath Spa university - https://www.bathspa.ac.uk/our-people/william-hughes (2018-03-09)</marc:subfield></marc:datafield><marc:datafield tag="856" ind1=" " ind2=" "><marc:subfield code="u">https://lccn.loc.gov/n97086815</marc:subfield><marc:subfield code="e">2022-06-27</marc:subfield><marc:subfield code="u">https://www.bathspa.ac.uk/our-people/william-hughes/</marc:subfield><marc:subfield code="e">2018-03-09</marc:subfield></marc:datafield></marc:record>