<marc:record><marc:leader>01530cx  a2200397   4500</marc:leader><marc:controlfield tag="001">FRBNF138918800</marc:controlfield><marc:controlfield tag="003">http://catalogue.bnf.fr/ark:/12148/cb13891880r</marc:controlfield><marc:controlfield tag="005">20190927</marc:controlfield><marc:datafield tag="010" ind1=" " ind2=" "><marc:subfield code="a">0000000109208877</marc:subfield><marc:subfield code="2">ISNI</marc:subfield><marc:subfield code="d">20131217</marc:subfield></marc:datafield><marc:datafield tag="039" ind1=" " ind2=" "><marc:subfield code="o">OPL</marc:subfield><marc:subfield code="a">001725592</marc:subfield></marc:datafield><marc:datafield tag="039" ind1=" " ind2=" "><marc:subfield code="o">OPP</marc:subfield><marc:subfield code="a">14653412</marc:subfield><marc:subfield code="d">20060529</marc:subfield></marc:datafield><marc:datafield tag="039" ind1=" " ind2=" "><marc:subfield code="o">OPP</marc:subfield><marc:subfield code="a">14823650</marc:subfield><marc:subfield code="d">20060529</marc:subfield></marc:datafield><marc:datafield tag="039" ind1=" " ind2=" "><marc:subfield code="o">OPP</marc:subfield><marc:subfield code="a">11947157</marc:subfield><marc:subfield code="d">20060529</marc:subfield></marc:datafield><marc:datafield tag="039" ind1=" " ind2=" "><marc:subfield code="o">OPP</marc:subfield><marc:subfield code="a">14855885</marc:subfield><marc:subfield code="d">20060529</marc:subfield></marc:datafield><marc:datafield tag="100" ind1=" " ind2=" "><marc:subfield code="a">19890601afrey50      ba0</marc:subfield></marc:datafield><marc:datafield tag="102" ind1=" " ind2=" "><marc:subfield code="a">US</marc:subfield></marc:datafield><marc:datafield tag="103" ind1=" " ind2=" "><marc:subfield code="a"> 19260628</marc:subfield></marc:datafield><marc:datafield tag="105" ind1=" " ind2=" "><marc:subfield code="a">a</marc:subfield><marc:subfield code="a">i</marc:subfield><marc:subfield code="a">p</marc:subfield></marc:datafield><marc:datafield tag="106" ind1=" " ind2=" "><marc:subfield code="a">010</marc:subfield></marc:datafield><marc:datafield tag="120" ind1=" " ind2=" "><marc:subfield code="a">b</marc:subfield></marc:datafield><marc:datafield tag="152" ind1=" " ind2=" "><marc:subfield code="c">2</marc:subfield></marc:datafield><marc:datafield tag="200" ind1=" " ind2=" "><marc:subfield code="7">ba0yba0y</marc:subfield><marc:subfield code="8">fre   </marc:subfield><marc:subfield code="9"> 0 </marc:subfield><marc:subfield code="a">Brooks</marc:subfield><marc:subfield code="b">Mel</marc:subfield><marc:subfield code="f">1926-....</marc:subfield></marc:datafield><marc:datafield tag="300" ind1=" " ind2=" "><marc:subfield code="a">Cinéaste, acteur et chanteur</marc:subfield></marc:datafield><marc:datafield tag="301" ind1=" " ind2=" "><marc:subfield code="a">Brooklyn, N.Y.</marc:subfield></marc:datafield><marc:datafield tag="530" ind1=" " ind2=" "><marc:subfield code="5">z</marc:subfield><marc:subfield code="3">13167516</marc:subfield><marc:subfield code="a">Get smart (série télévisée)</marc:subfield></marc:datafield><marc:datafield tag="530" ind1=" " ind2=" "><marc:subfield code="5">z</marc:subfield><marc:subfield code="0">Réalisateur de : </marc:subfield><marc:subfield code="3">17730563</marc:subfield><marc:subfield code="a">Blazing saddles (film)</marc:subfield></marc:datafield><marc:datafield tag="530" ind1=" " ind2=" "><marc:subfield code="5">z</marc:subfield><marc:subfield code="0">Réalisateur de : </marc:subfield><marc:subfield code="3">17730553</marc:subfield><marc:subfield code="a">Life stinks (film)</marc:subfield></marc:datafield><marc:datafield tag="530" ind1=" " ind2=" "><marc:subfield code="5">z</marc:subfield><marc:subfield code="0">Réalisateur de : </marc:subfield><marc:subfield code="3">14292700</marc:subfield><marc:subfield code="a">Spaceballs (film)</marc:subfield></marc:datafield><marc:datafield tag="530" ind1=" " ind2=" "><marc:subfield code="5">z</marc:subfield><marc:subfield code="0">Réalisateur de : </marc:subfield><marc:subfield code="3">14294025</marc:subfield><marc:subfield code="a">Robin Hood, men in tights (film)</marc:subfield></marc:datafield><marc:datafield tag="530" ind1=" " ind2=" "><marc:subfield code="5">z</marc:subfield><marc:subfield code="0">Réalisateur de : </marc:subfield><marc:subfield code="3">16472835</marc:subfield><marc:subfield code="a">The twelve chairs (film)</marc:subfield></marc:datafield><marc:datafield tag="530" ind1=" " ind2=" "><marc:subfield code="5">z</marc:subfield><marc:subfield code="0">Réalisateur de : </marc:subfield><marc:subfield code="3">16462441</marc:subfield><marc:subfield code="a">Mel Brooks&apos; history of the world, part one (film)</marc:subfield></marc:datafield><marc:datafield tag="530" ind1=" " ind2=" "><marc:subfield code="5">z</marc:subfield><marc:subfield code="0">Réalisateur de : </marc:subfield><marc:subfield code="3">16460353</marc:subfield><marc:subfield code="a">Young Frankenstein (film)</marc:subfield></marc:datafield><marc:datafield tag="530" ind1=" " ind2=" "><marc:subfield code="5">z</marc:subfield><marc:subfield code="0">Réalisateur de : </marc:subfield><marc:subfield code="3">16459991</marc:subfield><marc:subfield code="a">Silent movie (film)</marc:subfield></marc:datafield><marc:datafield tag="530" ind1=" " ind2=" "><marc:subfield code="5">z</marc:subfield><marc:subfield code="0">Réalisateur de : </marc:subfield><marc:subfield code="3">16458878</marc:subfield><marc:subfield code="a">High anxiety (film)</marc:subfield></marc:datafield><marc:datafield tag="801" ind1=" " ind2=" "><marc:subfield code="a">FR</marc:subfield><marc:subfield code="b">FR-751131015</marc:subfield><marc:subfield code="c">20190927</marc:subfield></marc:datafield><marc:datafield tag="810" ind1=" " ind2=" "><marc:subfield code="a">Internet, http://www.allmusic.com, 1999-11-17</marc:subfield></marc:datafield></marc:record>