<marc:record><marc:leader>01192cx  a2200265   4500</marc:leader><marc:controlfield tag="001">FRBNF138979696</marc:controlfield><marc:controlfield tag="003">http://catalogue.bnf.fr/ark:/12148/cb13897969z</marc:controlfield><marc:controlfield tag="005">20101129</marc:controlfield><marc:datafield tag="010" ind1=" " ind2=" "><marc:subfield code="a">0000000114562467</marc:subfield><marc:subfield code="2">VIAF</marc:subfield><marc:subfield code="d">20130731</marc:subfield></marc:datafield><marc:datafield tag="039" ind1=" " ind2=" "><marc:subfield code="o">OPP</marc:subfield><marc:subfield code="a">14693246</marc:subfield><marc:subfield code="d">20060829</marc:subfield></marc:datafield><marc:datafield tag="100" ind1=" " ind2=" "><marc:subfield code="a">19890601afrey50      ba0</marc:subfield></marc:datafield><marc:datafield tag="101" ind1=" " ind2=" "><marc:subfield code="a">eng</marc:subfield></marc:datafield><marc:datafield tag="102" ind1=" " ind2=" "><marc:subfield code="a">CA</marc:subfield></marc:datafield><marc:datafield tag="103" ind1=" " ind2=" "><marc:subfield code="a"> 19260211  20101129</marc:subfield></marc:datafield><marc:datafield tag="105" ind1=" " ind2=" "><marc:subfield code="a">i</marc:subfield></marc:datafield><marc:datafield tag="106" ind1=" " ind2=" "><marc:subfield code="a">010</marc:subfield></marc:datafield><marc:datafield tag="120" ind1=" " ind2=" "><marc:subfield code="a">b</marc:subfield></marc:datafield><marc:datafield tag="152" ind1=" " ind2=" "><marc:subfield code="c">2</marc:subfield></marc:datafield><marc:datafield tag="200" ind1=" " ind2=" "><marc:subfield code="7">ba0yba0y</marc:subfield><marc:subfield code="8">fre   </marc:subfield><marc:subfield code="9"> 0 </marc:subfield><marc:subfield code="a">Nielsen</marc:subfield><marc:subfield code="b">Leslie</marc:subfield><marc:subfield code="f">1926-2010</marc:subfield></marc:datafield><marc:datafield tag="300" ind1=" " ind2=" "><marc:subfield code="a">Acteur</marc:subfield></marc:datafield><marc:datafield tag="301" ind1=" " ind2=" "><marc:subfield code="a">Regina (Canada)</marc:subfield><marc:subfield code="b">Fort Luaderdale (Canada)</marc:subfield></marc:datafield><marc:datafield tag="801" ind1=" " ind2=" "><marc:subfield code="a">FR</marc:subfield><marc:subfield code="b">FR-751131015</marc:subfield><marc:subfield code="c">20101129</marc:subfield></marc:datafield><marc:datafield tag="810" ind1=" " ind2=" "><marc:subfield code="a">Le casse-cou [Images animées] / Gordon Douglas, réal. ; [...] Evel Knievel, Gene Kelly, [...] Leslie Nielsen... [et al.], act. . Warner home vidéo France, 1977</marc:subfield></marc:datafield><marc:datafield tag="810" ind1=" " ind2=" "><marc:subfield code="a">Film index international (CD), 1993-1997</marc:subfield><marc:subfield code="a">IMDB - http://www.imdb.com/news/ni5824724 (2010-11-29)</marc:subfield><marc:subfield code="a">Monde - http://www.lemonde.fr/carnet/article/2010/11/29/l-acteur-leslie-nielsen-est-mort_1446116_3382.html (2010-11-29)</marc:subfield></marc:datafield><marc:datafield tag="856" ind1=" " ind2=" "><marc:subfield code="u">http://www.imdb.com/news/ni5824724/</marc:subfield><marc:subfield code="e">2010-11-29</marc:subfield><marc:subfield code="u">http://www.lemonde.fr/carnet/article/2010/11/29/l-acteur-leslie-nielsen-est-mort_1446116_3382.html</marc:subfield><marc:subfield code="e">2010-11-29</marc:subfield></marc:datafield></marc:record>