<marc:record><marc:leader>01219cx  b2200289   4500</marc:leader><marc:controlfield tag="001">FRBNF139044909</marc:controlfield><marc:controlfield tag="003">http://catalogue.bnf.fr/ark:/12148/cb139044900</marc:controlfield><marc:controlfield tag="005">20170322</marc:controlfield><marc:datafield tag="010" ind1=" " ind2=" "><marc:subfield code="a">0000000120335359</marc:subfield><marc:subfield code="2">VIAF</marc:subfield><marc:subfield code="d">20130731</marc:subfield></marc:datafield><marc:datafield tag="100" ind1=" " ind2=" "><marc:subfield code="a">19890601afrey50      ba0</marc:subfield></marc:datafield><marc:datafield tag="101" ind1=" " ind2=" "><marc:subfield code="a">eng</marc:subfield></marc:datafield><marc:datafield tag="102" ind1=" " ind2=" "><marc:subfield code="a">US</marc:subfield></marc:datafield><marc:datafield tag="103" ind1=" " ind2=" "><marc:subfield code="a"> 1985    ?</marc:subfield></marc:datafield><marc:datafield tag="105" ind1=" " ind2=" "><marc:subfield code="a">a</marc:subfield><marc:subfield code="a">i</marc:subfield></marc:datafield><marc:datafield tag="106" ind1=" " ind2=" "><marc:subfield code="a">010</marc:subfield></marc:datafield><marc:datafield tag="150" ind1=" " ind2=" "><marc:subfield code="a">y</marc:subfield><marc:subfield code="b">v8</marc:subfield></marc:datafield><marc:datafield tag="152" ind1=" " ind2=" "><marc:subfield code="c">2</marc:subfield></marc:datafield><marc:datafield tag="210" ind1=" " ind2=" "><marc:subfield code="7">ba0yba0y</marc:subfield><marc:subfield code="8">fre   </marc:subfield><marc:subfield code="9">20 </marc:subfield><marc:subfield code="a">The Kronos quartet</marc:subfield></marc:datafield><marc:datafield tag="300" ind1=" " ind2=" "><marc:subfield code="a">Quatuor à cordes fondé par David Harrington (en 1973?)</marc:subfield></marc:datafield><marc:datafield tag="303" ind1=" " ind2=" "><marc:subfield code="a">New York</marc:subfield></marc:datafield><marc:datafield tag="307" ind1=" " ind2=" "><marc:subfield code="a">Harrington, David, violon</marc:subfield><marc:subfield code="a">Sherba, John, violon</marc:subfield><marc:subfield code="a">Dutt, Hank, alto</marc:subfield><marc:subfield code="a">Jeanrenaud, Joan, violoncelle (1973-1999)</marc:subfield><marc:subfield code="a">Culp, Jennifer, violoncelle (1999-2005)</marc:subfield><marc:subfield code="a">Zeigler, Jeffrey, violoncelle (2005-....)</marc:subfield></marc:datafield><marc:datafield tag="410" ind1=" " ind2=" "><marc:subfield code="7">ba0yba0y</marc:subfield><marc:subfield code="8">fre   </marc:subfield><marc:subfield code="a">Quatuor Kronos</marc:subfield></marc:datafield><marc:datafield tag="500" ind1=" " ind2=" "><marc:subfield code="5">z</marc:subfield><marc:subfield code="0">A pour membre : </marc:subfield><marc:subfield code="3">14190326</marc:subfield><marc:subfield code="7">ba0yba0y</marc:subfield><marc:subfield code="8">fre   </marc:subfield><marc:subfield code="9"> 0 </marc:subfield><marc:subfield code="a">Jeanrenaud</marc:subfield><marc:subfield code="b">Joan</marc:subfield><marc:subfield code="f">1956-....</marc:subfield></marc:datafield><marc:datafield tag="500" ind1=" " ind2=" "><marc:subfield code="5">z</marc:subfield><marc:subfield code="0">A pour membre : </marc:subfield><marc:subfield code="3">16137168</marc:subfield><marc:subfield code="7">ba0yba0y</marc:subfield><marc:subfield code="8">fre   </marc:subfield><marc:subfield code="9"> 0 </marc:subfield><marc:subfield code="a">Zeigler</marc:subfield><marc:subfield code="b">Jeffrey</marc:subfield></marc:datafield><marc:datafield tag="801" ind1=" " ind2=" "><marc:subfield code="a">FR</marc:subfield><marc:subfield code="b">FR-751131015</marc:subfield><marc:subfield code="c">20170322</marc:subfield></marc:datafield><marc:datafield tag="810" ind1=" " ind2=" "><marc:subfield code="a">Caravan [Enregistrement sonore] / Alexandra Vrebalov, Carlos Paredes, Rahel Burman... [et al.], comp. Nonesuch 7559794902</marc:subfield></marc:datafield><marc:datafield tag="810" ind1=" " ind2=" "><marc:subfield code="a">Libération [formé en 1973], 2005-09-02</marc:subfield></marc:datafield></marc:record>