<marc:record><marc:leader>01276cx  a2200289   4500</marc:leader><marc:controlfield tag="001">FRBNF139387797</marc:controlfield><marc:controlfield tag="003">http://catalogue.bnf.fr/ark:/12148/cb13938779w</marc:controlfield><marc:controlfield tag="005">20140106</marc:controlfield><marc:datafield tag="010" ind1=" " ind2=" "><marc:subfield code="a">0000000118214320</marc:subfield><marc:subfield code="2">VIAF</marc:subfield><marc:subfield code="d">20130731</marc:subfield></marc:datafield><marc:datafield tag="039" ind1=" " ind2=" "><marc:subfield code="o">OPL</marc:subfield><marc:subfield code="a">013969017</marc:subfield></marc:datafield><marc:datafield tag="039" ind1=" " ind2=" "><marc:subfield code="o">OPP</marc:subfield><marc:subfield code="a">14991263</marc:subfield><marc:subfield code="d">20070816</marc:subfield></marc:datafield><marc:datafield tag="100" ind1=" " ind2=" "><marc:subfield code="a">19910606afrey50      ba0</marc:subfield></marc:datafield><marc:datafield tag="102" ind1=" " ind2=" "><marc:subfield code="a">PL</marc:subfield></marc:datafield><marc:datafield tag="103" ind1=" " ind2=" "><marc:subfield code="a"> 19320717  20131229</marc:subfield></marc:datafield><marc:datafield tag="105" ind1=" " ind2=" "><marc:subfield code="a">a</marc:subfield><marc:subfield code="a">p</marc:subfield><marc:subfield code="d">h</marc:subfield></marc:datafield><marc:datafield tag="106" ind1=" " ind2=" "><marc:subfield code="a">010</marc:subfield></marc:datafield><marc:datafield tag="120" ind1=" " ind2=" "><marc:subfield code="a">b</marc:subfield></marc:datafield><marc:datafield tag="152" ind1=" " ind2=" "><marc:subfield code="c">2</marc:subfield></marc:datafield><marc:datafield tag="200" ind1=" " ind2=" "><marc:subfield code="7">ba0yba0y</marc:subfield><marc:subfield code="8">fre   </marc:subfield><marc:subfield code="9"> 0 </marc:subfield><marc:subfield code="a">Kilar</marc:subfield><marc:subfield code="b">Wojciech</marc:subfield><marc:subfield code="f">1932-2013</marc:subfield></marc:datafield><marc:datafield tag="300" ind1=" " ind2=" "><marc:subfield code="a">Compositeur. - Professeur à l&apos;École supérieure de musique de Katowice (1960-....)</marc:subfield></marc:datafield><marc:datafield tag="301" ind1=" " ind2=" "><marc:subfield code="a">Lvov (Ukraine)</marc:subfield><marc:subfield code="b">Katowice (Pologne)</marc:subfield></marc:datafield><marc:datafield tag="686" ind1=" " ind2=" "><marc:subfield code="a">780</marc:subfield><marc:subfield code="c">Musique</marc:subfield><marc:subfield code="2">Note de regroupement par domaine</marc:subfield></marc:datafield><marc:datafield tag="801" ind1=" " ind2=" "><marc:subfield code="a">FR</marc:subfield><marc:subfield code="b">FR-751131015</marc:subfield><marc:subfield code="c">20140106</marc:subfield></marc:datafield><marc:datafield tag="810" ind1=" " ind2=" "><marc:subfield code="a">Cieszę się darem życia : rozmowy z Wojciechem Kilarem / przeprowadzili Klaudia Podobińska i Leszek Polony, 1997</marc:subfield></marc:datafield><marc:datafield tag="810" ind1=" " ind2=" "><marc:subfield code="a">Wikipédia - http://fr.wikipedia.org/wiki/Wojciech_Kilar (2014-01-02)</marc:subfield><marc:subfield code="a">Dict. biogr. des musiciens / Baker, Slonimsky, 1995</marc:subfield><marc:subfield code="a">Gazeta wyborcza - wydanie internetowe - http://wspomnienia.wyborcza.pl (2014-01-06)</marc:subfield></marc:datafield><marc:datafield tag="810" ind1=" " ind2=" "><marc:subfield code="a">BnF Service polonais, 2014-01-06</marc:subfield></marc:datafield><marc:datafield tag="856" ind1=" " ind2=" "><marc:subfield code="u">http://fr.wikipedia.org/wiki/Wojciech_Kilar</marc:subfield><marc:subfield code="e">2014-01-02</marc:subfield><marc:subfield code="u">http://wspomnienia.wyborcza.pl/</marc:subfield><marc:subfield code="e">2014-01-06</marc:subfield></marc:datafield></marc:record>