<marc:record><marc:leader>01124cx  a2200265   4500</marc:leader><marc:controlfield tag="001">FRBNF139544832</marc:controlfield><marc:controlfield tag="003">http://catalogue.bnf.fr/ark:/12148/cb13954483r</marc:controlfield><marc:controlfield tag="005">20151015</marc:controlfield><marc:datafield tag="010" ind1=" " ind2=" "><marc:subfield code="a">0000000121181187</marc:subfield><marc:subfield code="2">VIAF</marc:subfield><marc:subfield code="d">20130731</marc:subfield></marc:datafield><marc:datafield tag="039" ind1=" " ind2=" "><marc:subfield code="o">OPL</marc:subfield><marc:subfield code="a">010040648</marc:subfield><marc:subfield code="z">AMA</marc:subfield></marc:datafield><marc:datafield tag="100" ind1=" " ind2=" "><marc:subfield code="a">19930402afrey50      ba0</marc:subfield></marc:datafield><marc:datafield tag="102" ind1=" " ind2=" "><marc:subfield code="a">ZZ</marc:subfield><marc:subfield code="a">GB</marc:subfield><marc:subfield code="a">US</marc:subfield></marc:datafield><marc:datafield tag="103" ind1=" " ind2=" "><marc:subfield code="a"> 19371231</marc:subfield></marc:datafield><marc:datafield tag="105" ind1=" " ind2=" "><marc:subfield code="a">i</marc:subfield><marc:subfield code="a">p</marc:subfield><marc:subfield code="a">a</marc:subfield></marc:datafield><marc:datafield tag="106" ind1=" " ind2=" "><marc:subfield code="a">010</marc:subfield></marc:datafield><marc:datafield tag="120" ind1=" " ind2=" "><marc:subfield code="a">b</marc:subfield></marc:datafield><marc:datafield tag="152" ind1=" " ind2=" "><marc:subfield code="c">2</marc:subfield></marc:datafield><marc:datafield tag="200" ind1=" " ind2=" "><marc:subfield code="7">ba0yba0y</marc:subfield><marc:subfield code="8">fre   </marc:subfield><marc:subfield code="9"> 0 </marc:subfield><marc:subfield code="a">Hopkins</marc:subfield><marc:subfield code="b">Anthony</marc:subfield><marc:subfield code="f">1937-....</marc:subfield></marc:datafield><marc:datafield tag="300" ind1=" " ind2=" "><marc:subfield code="a">Acteur de théâtre, de cinéma et de télévision. - Réalisateur de films. - Compositeur</marc:subfield></marc:datafield><marc:datafield tag="301" ind1=" " ind2=" "><marc:subfield code="a">Port-Talbot (GB)</marc:subfield></marc:datafield><marc:datafield tag="330" ind1=" " ind2=" "><marc:subfield code="a">Ne pas confondre avec Hopkins, Anthony (1937-1997), neurologue</marc:subfield></marc:datafield><marc:datafield tag="686" ind1=" " ind2=" "><marc:subfield code="a">791</marc:subfield><marc:subfield code="c">Audiovisuel</marc:subfield><marc:subfield code="2">Note de regroupement par domaine</marc:subfield></marc:datafield><marc:datafield tag="801" ind1=" " ind2=" "><marc:subfield code="a">FR</marc:subfield><marc:subfield code="b">FR-751131015</marc:subfield><marc:subfield code="c">20151015</marc:subfield></marc:datafield><marc:datafield tag="810" ind1=" " ind2=" "><marc:subfield code="a">The mask of Zorro [Images animées] / Martin Campbell, réal. ; Antonio Banderas, Anthony Hopkins, Catherine Zeta-Jones [et al.], act., 2000</marc:subfield></marc:datafield><marc:datafield tag="810" ind1=" " ind2=" "><marc:subfield code="a">Libération, 2002-10-28</marc:subfield><marc:subfield code="a">Int. WW 2001</marc:subfield><marc:subfield code="a">Dict. du cinéma / sous la dir. de Jean-Loup Passek, 1995</marc:subfield><marc:subfield code="a">BNF-ASP. Anthony Hopkins : dossier biographique, 1976</marc:subfield></marc:datafield></marc:record>