<marc:record><marc:leader>01128cx  a2200241   4500</marc:leader><marc:controlfield tag="001">FRBNF139544896</marc:controlfield><marc:controlfield tag="003">http://catalogue.bnf.fr/ark:/12148/cb13954489t</marc:controlfield><marc:controlfield tag="005">20210824</marc:controlfield><marc:datafield tag="010" ind1=" " ind2=" "><marc:subfield code="a">0000000120969036</marc:subfield><marc:subfield code="2">VIAF</marc:subfield><marc:subfield code="d">20130731</marc:subfield></marc:datafield><marc:datafield tag="100" ind1=" " ind2=" "><marc:subfield code="a">19930402afrey50      ba0</marc:subfield></marc:datafield><marc:datafield tag="102" ind1=" " ind2=" "><marc:subfield code="a">GB</marc:subfield></marc:datafield><marc:datafield tag="103" ind1=" " ind2=" "><marc:subfield code="a"> 19580321</marc:subfield></marc:datafield><marc:datafield tag="105" ind1=" " ind2=" "><marc:subfield code="a">a</marc:subfield><marc:subfield code="a">i</marc:subfield></marc:datafield><marc:datafield tag="106" ind1=" " ind2=" "><marc:subfield code="a">010</marc:subfield></marc:datafield><marc:datafield tag="120" ind1=" " ind2=" "><marc:subfield code="a">b</marc:subfield></marc:datafield><marc:datafield tag="152" ind1=" " ind2=" "><marc:subfield code="c">2</marc:subfield></marc:datafield><marc:datafield tag="200" ind1=" " ind2=" "><marc:subfield code="7">ba0yba0y</marc:subfield><marc:subfield code="8">fre   </marc:subfield><marc:subfield code="9"> 0 </marc:subfield><marc:subfield code="a">Oldman</marc:subfield><marc:subfield code="b">Gary</marc:subfield><marc:subfield code="f">1958-....</marc:subfield></marc:datafield><marc:datafield tag="300" ind1=" " ind2=" "><marc:subfield code="a">Acteur, réalisateur, scénariste et producteur</marc:subfield></marc:datafield><marc:datafield tag="530" ind1=" " ind2=" "><marc:subfield code="5">z</marc:subfield><marc:subfield code="0">Réalisateur de : </marc:subfield><marc:subfield code="3">17869656</marc:subfield><marc:subfield code="a">Nil by mouth (film)</marc:subfield></marc:datafield><marc:datafield tag="801" ind1=" " ind2=" "><marc:subfield code="a">FR</marc:subfield><marc:subfield code="b">FR-751131015</marc:subfield><marc:subfield code="c">20210824</marc:subfield></marc:datafield><marc:datafield tag="810" ind1=" " ind2=" "><marc:subfield code="a">Air force one [Images animées] / Wolfgang Petersen, réal.  ; Andrew W. Marlowe, scénario ; Jerry Goldsmith, comp.  ; Harrison Ford, Gary Oldman, Wendy Crewson...  [et al.], act.. - Burbank, Calif.  : Buena vista home entertainment [éd.] ; Burbank, Calif.  : Buena vista home entertainment [distrib.], 1998 (DL).</marc:subfield></marc:datafield><marc:datafield tag="810" ind1=" " ind2=" "><marc:subfield code="a">Première, n °192, Mars 1993</marc:subfield><marc:subfield code="a">IMDb - https://www.imdb.com/name/nm0000198/?ref_=fn_al_nm_1 (2018-08-02)</marc:subfield></marc:datafield><marc:datafield tag="856" ind1=" " ind2=" "><marc:subfield code="u">https://www.imdb.com/name/nm0000198/?ref_=fn_al_nm_1</marc:subfield><marc:subfield code="e">2018-08-02</marc:subfield></marc:datafield></marc:record>