<marc:record><marc:leader>00978cx  a2200229   4500</marc:leader><marc:controlfield tag="001">FRBNF139993250</marc:controlfield><marc:controlfield tag="003">http://catalogue.bnf.fr/ark:/12148/cb13999325b</marc:controlfield><marc:controlfield tag="005">20210923</marc:controlfield><marc:datafield tag="010" ind1=" " ind2=" "><marc:subfield code="a">0000000114505139</marc:subfield><marc:subfield code="2">VIAF</marc:subfield><marc:subfield code="d">20131024</marc:subfield></marc:datafield><marc:datafield tag="100" ind1=" " ind2=" "><marc:subfield code="a">19970225afrey50      ba0</marc:subfield></marc:datafield><marc:datafield tag="102" ind1=" " ind2=" "><marc:subfield code="a">US</marc:subfield></marc:datafield><marc:datafield tag="103" ind1=" " ind2=" "><marc:subfield code="a"> 19711029</marc:subfield></marc:datafield><marc:datafield tag="105" ind1=" " ind2=" "><marc:subfield code="a">i</marc:subfield><marc:subfield code="a">p</marc:subfield></marc:datafield><marc:datafield tag="106" ind1=" " ind2=" "><marc:subfield code="a">010</marc:subfield></marc:datafield><marc:datafield tag="120" ind1=" " ind2=" "><marc:subfield code="a">a</marc:subfield></marc:datafield><marc:datafield tag="152" ind1=" " ind2=" "><marc:subfield code="c">2</marc:subfield></marc:datafield><marc:datafield tag="200" ind1=" " ind2=" "><marc:subfield code="7">ba0yba0y</marc:subfield><marc:subfield code="8">fre   </marc:subfield><marc:subfield code="9"> 0 </marc:subfield><marc:subfield code="a">Ryder</marc:subfield><marc:subfield code="b">Winona</marc:subfield><marc:subfield code="f">1971-....</marc:subfield></marc:datafield><marc:datafield tag="300" ind1=" " ind2=" "><marc:subfield code="a">Actrice de cinéma. - Productrice</marc:subfield></marc:datafield><marc:datafield tag="801" ind1=" " ind2=" "><marc:subfield code="a">FR</marc:subfield><marc:subfield code="b">FR-751131015</marc:subfield><marc:subfield code="c">20210923</marc:subfield></marc:datafield><marc:datafield tag="810" ind1=" " ind2=" "><marc:subfield code="a">Le patchwork de la vie [Images animées] / Jocelyn Moorhouse, réal.  ; Jane Anderson, scénario ; Thomas Newman, comp.  ; Whitney Otto, aut. adapté ; Maya Angelou, Winona Ryder, Jean Simmons... [et al.], act. . - Vélizy : CIC vidéo [éd.] ; Vélizy Villacoublay : CIC vidéo [distrib.], 1997 (DL).</marc:subfield></marc:datafield><marc:datafield tag="810" ind1=" " ind2=" "><marc:subfield code="a">Film Index International (cd), 1997-02-25</marc:subfield><marc:subfield code="a">IMDb - http://www.imdb.com (2015-09-29)</marc:subfield></marc:datafield><marc:datafield tag="856" ind1=" " ind2=" "><marc:subfield code="u">http://www.imdb.com</marc:subfield><marc:subfield code="e">2015-09-29</marc:subfield></marc:datafield></marc:record>