<marc:record><marc:leader>00859cx  a2200217   4500</marc:leader><marc:controlfield tag="001">FRBNF140179836</marc:controlfield><marc:controlfield tag="003">http://catalogue.bnf.fr/ark:/12148/cb14017983m</marc:controlfield><marc:controlfield tag="005">20150602</marc:controlfield><marc:datafield tag="010" ind1=" " ind2=" "><marc:subfield code="a">0000000121250170</marc:subfield><marc:subfield code="2">ISNI</marc:subfield><marc:subfield code="d">20131217</marc:subfield></marc:datafield><marc:datafield tag="100" ind1=" " ind2=" "><marc:subfield code="a">19990112afrey50      ba0</marc:subfield></marc:datafield><marc:datafield tag="102" ind1=" " ind2=" "><marc:subfield code="a">US</marc:subfield></marc:datafield><marc:datafield tag="103" ind1=" " ind2=" "><marc:subfield code="a"> 1900      19981223</marc:subfield></marc:datafield><marc:datafield tag="105" ind1=" " ind2=" "><marc:subfield code="a">i</marc:subfield></marc:datafield><marc:datafield tag="106" ind1=" " ind2=" "><marc:subfield code="a">1</marc:subfield></marc:datafield><marc:datafield tag="120" ind1=" " ind2=" "><marc:subfield code="a">b</marc:subfield></marc:datafield><marc:datafield tag="152" ind1=" " ind2=" "><marc:subfield code="c">2</marc:subfield></marc:datafield><marc:datafield tag="200" ind1=" " ind2=" "><marc:subfield code="7">ba0yba0y</marc:subfield><marc:subfield code="8">fre   </marc:subfield><marc:subfield code="9"> 0 </marc:subfield><marc:subfield code="a">Manners</marc:subfield><marc:subfield code="b">David</marc:subfield><marc:subfield code="f">1900-1998</marc:subfield></marc:datafield><marc:datafield tag="300" ind1="0" ind2=" "><marc:subfield code="a">Acteur de cinéma d&apos;origine canadienne</marc:subfield></marc:datafield><marc:datafield tag="801" ind1=" " ind2=" "><marc:subfield code="a">FR</marc:subfield><marc:subfield code="b">FR-751131015</marc:subfield><marc:subfield code="c">20150602</marc:subfield></marc:datafield><marc:datafield tag="810" ind1=" " ind2=" "><marc:subfield code="a">Dracula [Images animées] / Tod Browning, réal. ; Bram Stocker, aut. adapté ; Hamilton Deane, John L. Balderston, aut. adaptés, adapt. ; Bela Lugosi, Helen Chandler, David Manners.. . [et al.], act.. - Antony : Polygram vidéo [éd.] ; Antony : Polygram vidéo [distrib.], 1999 (DL).</marc:subfield></marc:datafield><marc:datafield tag="810" ind1=" " ind2=" "><marc:subfield code="a">Libération, 1998-12-06</marc:subfield></marc:datafield></marc:record>