<marc:record><marc:leader>01043cx  a2200241   4500</marc:leader><marc:controlfield tag="001">FRBNF14048907X</marc:controlfield><marc:controlfield tag="003">http://catalogue.bnf.fr/ark:/12148/cb14048907c</marc:controlfield><marc:controlfield tag="005">20170511</marc:controlfield><marc:datafield tag="010" ind1=" " ind2=" "><marc:subfield code="a">000000000277289X</marc:subfield><marc:subfield code="2">ISNI</marc:subfield><marc:subfield code="d">20131217</marc:subfield></marc:datafield><marc:datafield tag="100" ind1=" " ind2=" "><marc:subfield code="a">20020208afrey50      ba0</marc:subfield></marc:datafield><marc:datafield tag="102" ind1=" " ind2=" "><marc:subfield code="a">XX</marc:subfield></marc:datafield><marc:datafield tag="103" ind1=" " ind2=" "><marc:subfield code="a"> 19..</marc:subfield></marc:datafield><marc:datafield tag="105" ind1=" " ind2=" "><marc:subfield code="a">a</marc:subfield></marc:datafield><marc:datafield tag="106" ind1=" " ind2=" "><marc:subfield code="a">1</marc:subfield></marc:datafield><marc:datafield tag="120" ind1=" " ind2=" "><marc:subfield code="a">b</marc:subfield></marc:datafield><marc:datafield tag="152" ind1=" " ind2=" "><marc:subfield code="c">2</marc:subfield></marc:datafield><marc:datafield tag="200" ind1=" " ind2=" "><marc:subfield code="7">ba0yba0y</marc:subfield><marc:subfield code="8">fre   </marc:subfield><marc:subfield code="9"> 0 </marc:subfield><marc:subfield code="a">De Luca</marc:subfield><marc:subfield code="b">Rudy</marc:subfield><marc:subfield code="f">19..-....</marc:subfield><marc:subfield code="c">cinéaste</marc:subfield></marc:datafield><marc:datafield tag="300" ind1="0" ind2=" "><marc:subfield code="a">Acteur de cinéma et de télévision, scénariste, réalisateur</marc:subfield></marc:datafield><marc:datafield tag="400" ind1=" " ind2=" "><marc:subfield code="7">ba0yba0y</marc:subfield><marc:subfield code="8">fre   </marc:subfield><marc:subfield code="a">Deluca</marc:subfield><marc:subfield code="b">Rudy</marc:subfield><marc:subfield code="f">19..-....</marc:subfield><marc:subfield code="c">cinéaste</marc:subfield></marc:datafield><marc:datafield tag="801" ind1=" " ind2=" "><marc:subfield code="a">FR</marc:subfield><marc:subfield code="b">FR-751131015</marc:subfield><marc:subfield code="c">20170511</marc:subfield></marc:datafield><marc:datafield tag="810" ind1=" " ind2=" "><marc:subfield code="a">Chienne de vie [Images animées] / Mel Brooks, aut., scénario, réal. ; Ron Clark, aut. ; John Morris, comp. ; Rudy De Luca, Steve Haberman, scénario, aut. ; Mel Brooks, Lesley Ann Warren, Jeffrey Tambor, Stuart Pankin, act.. - Paris : CBS Fox video [éd.] ; Paris : Fox vidéo [distrib.], 1992 (DL).</marc:subfield></marc:datafield><marc:datafield tag="810" ind1=" " ind2=" "><marc:subfield code="a">IMDb - http://www.imdb.com (2017-05-11)</marc:subfield></marc:datafield><marc:datafield tag="856" ind1=" " ind2=" "><marc:subfield code="u">http://www.imdb.com</marc:subfield><marc:subfield code="e">2017-05-11</marc:subfield></marc:datafield></marc:record>