<marc:record><marc:leader>00997cx  a2200241   4500</marc:leader><marc:controlfield tag="001">FRBNF140984049</marc:controlfield><marc:controlfield tag="003">http://catalogue.bnf.fr/ark:/12148/cb140984040</marc:controlfield><marc:controlfield tag="005">20220414</marc:controlfield><marc:datafield tag="010" ind1=" " ind2=" "><marc:subfield code="a">0000000063101360</marc:subfield><marc:subfield code="2">VIAF</marc:subfield><marc:subfield code="d">20130801</marc:subfield></marc:datafield><marc:datafield tag="100" ind1=" " ind2=" "><marc:subfield code="a">20030310afrey50      ba0</marc:subfield></marc:datafield><marc:datafield tag="101" ind1=" " ind2=" "><marc:subfield code="a">eng</marc:subfield></marc:datafield><marc:datafield tag="102" ind1=" " ind2=" "><marc:subfield code="a">US</marc:subfield></marc:datafield><marc:datafield tag="103" ind1=" " ind2=" "><marc:subfield code="a"> 19000605  19451026</marc:subfield></marc:datafield><marc:datafield tag="105" ind1=" " ind2=" "><marc:subfield code="a">a</marc:subfield></marc:datafield><marc:datafield tag="106" ind1=" " ind2=" "><marc:subfield code="a">1</marc:subfield></marc:datafield><marc:datafield tag="120" ind1=" " ind2=" "><marc:subfield code="a">b</marc:subfield></marc:datafield><marc:datafield tag="152" ind1=" " ind2=" "><marc:subfield code="c">1</marc:subfield></marc:datafield><marc:datafield tag="200" ind1=" " ind2=" "><marc:subfield code="7">ba0yba0y</marc:subfield><marc:subfield code="8">fre   </marc:subfield><marc:subfield code="9"> 0 </marc:subfield><marc:subfield code="a">Fort</marc:subfield><marc:subfield code="b">Garrett</marc:subfield><marc:subfield code="f">1900-1945</marc:subfield></marc:datafield><marc:datafield tag="300" ind1="0" ind2=" "><marc:subfield code="a">Scénariste et adaptateur</marc:subfield></marc:datafield><marc:datafield tag="801" ind1=" " ind2=" "><marc:subfield code="a">FR</marc:subfield><marc:subfield code="b">FR-751131015</marc:subfield><marc:subfield code="c">20220414</marc:subfield></marc:datafield><marc:datafield tag="810" ind1=" " ind2=" "><marc:subfield code="a">Le signe de Zorro [Images animées] / Rouben Mamoulian, réal... Garrett Fort, adapt. Fox Pathé Europa, [2003]</marc:subfield></marc:datafield><marc:datafield tag="810" ind1=" " ind2=" "><marc:subfield code="a">IMDb - https://www.imdb.com/name/nm0287124/?ref_=nv_sr_srsg_0 (2016-08-25) (2022-04-14)</marc:subfield><marc:subfield code="a">LC authorities - https://id.loc.gov/authorities/names/n85018190.html (2022-04-14)</marc:subfield></marc:datafield><marc:datafield tag="856" ind1=" " ind2=" "><marc:subfield code="u">https://www.imdb.com/name/nm0287124/?ref_=nv_sr_srsg_0</marc:subfield><marc:subfield code="e">2016-08-25</marc:subfield><marc:subfield code="e">2022-04-14</marc:subfield><marc:subfield code="u">https://id.loc.gov/authorities/names/n85018190.html</marc:subfield><marc:subfield code="e">2022-04-14</marc:subfield></marc:datafield></marc:record>