<marc:record><marc:leader>00891cx  a2200229   4500</marc:leader><marc:controlfield tag="001">FRBNF141633163</marc:controlfield><marc:controlfield tag="003">http://catalogue.bnf.fr/ark:/12148/cb141633162</marc:controlfield><marc:controlfield tag="005">20150602</marc:controlfield><marc:datafield tag="010" ind1=" " ind2=" "><marc:subfield code="a">0000000024800695</marc:subfield><marc:subfield code="2">VIAF</marc:subfield><marc:subfield code="d">20130801</marc:subfield></marc:datafield><marc:datafield tag="100" ind1=" " ind2=" "><marc:subfield code="a">20030310afrey50      ba0</marc:subfield></marc:datafield><marc:datafield tag="102" ind1=" " ind2=" "><marc:subfield code="a">US</marc:subfield></marc:datafield><marc:datafield tag="103" ind1=" " ind2=" "><marc:subfield code="a"> 19060201  19650430</marc:subfield></marc:datafield><marc:datafield tag="105" ind1=" " ind2=" "><marc:subfield code="a">i</marc:subfield></marc:datafield><marc:datafield tag="106" ind1=" " ind2=" "><marc:subfield code="a">1</marc:subfield></marc:datafield><marc:datafield tag="120" ind1=" " ind2=" "><marc:subfield code="a">a</marc:subfield></marc:datafield><marc:datafield tag="152" ind1=" " ind2=" "><marc:subfield code="c">2</marc:subfield></marc:datafield><marc:datafield tag="200" ind1=" " ind2=" "><marc:subfield code="7">ba0yba0y</marc:subfield><marc:subfield code="8">fre   </marc:subfield><marc:subfield code="9"> 0 </marc:subfield><marc:subfield code="a">Chandler</marc:subfield><marc:subfield code="b">Helen</marc:subfield><marc:subfield code="f">1906-1965</marc:subfield></marc:datafield><marc:datafield tag="300" ind1="0" ind2=" "><marc:subfield code="a">Actrice</marc:subfield></marc:datafield><marc:datafield tag="801" ind1=" " ind2=" "><marc:subfield code="a">FR</marc:subfield><marc:subfield code="b">FR-751131015</marc:subfield><marc:subfield code="c">20150602</marc:subfield></marc:datafield><marc:datafield tag="810" ind1=" " ind2=" "><marc:subfield code="a">Dracula [Images animées] / Tod Browning, réal. ; Bram Stocker, aut. adapté ; Hamilton Deane, John L. Balderston, aut. adaptés, adapt. ; Bela Lugosi, Helen Chandler, David Manners.. . [et al.], act.. - Antony : Polygram vidéo [éd.] ; Antony : Polygram vidéo [distrib.], 1999 (DL).</marc:subfield></marc:datafield><marc:datafield tag="810" ind1=" " ind2=" "><marc:subfield code="a">IMDB - http://us.imdb.com (2006-10-13)</marc:subfield></marc:datafield><marc:datafield tag="856" ind1=" " ind2=" "><marc:subfield code="u">http://us.imdb.com</marc:subfield><marc:subfield code="e">2006-10-13</marc:subfield></marc:datafield></marc:record>