<marc:record><marc:leader>01147cx  a2200277   4500</marc:leader><marc:controlfield tag="001">FRBNF142378071</marc:controlfield><marc:controlfield tag="003">http://catalogue.bnf.fr/ark:/12148/cb142378070</marc:controlfield><marc:controlfield tag="005">20200821</marc:controlfield><marc:datafield tag="010" ind1=" " ind2=" "><marc:subfield code="a">0000000109028614</marc:subfield><marc:subfield code="2">VIAF</marc:subfield><marc:subfield code="d">20130801</marc:subfield></marc:datafield><marc:datafield tag="039" ind1=" " ind2=" "><marc:subfield code="o">OPP</marc:subfield><marc:subfield code="a">10580054</marc:subfield><marc:subfield code="d">20200821</marc:subfield></marc:datafield><marc:datafield tag="100" ind1=" " ind2=" "><marc:subfield code="a">20030310afrey50      ba0</marc:subfield></marc:datafield><marc:datafield tag="101" ind1=" " ind2=" "><marc:subfield code="a">ger</marc:subfield></marc:datafield><marc:datafield tag="102" ind1=" " ind2=" "><marc:subfield code="a">XX</marc:subfield></marc:datafield><marc:datafield tag="103" ind1=" " ind2=" "><marc:subfield code="a"> 18950218  19751014</marc:subfield></marc:datafield><marc:datafield tag="105" ind1=" " ind2=" "><marc:subfield code="a">i</marc:subfield><marc:subfield code="a">a</marc:subfield></marc:datafield><marc:datafield tag="106" ind1=" " ind2=" "><marc:subfield code="a">010</marc:subfield></marc:datafield><marc:datafield tag="120" ind1=" " ind2=" "><marc:subfield code="a">b</marc:subfield></marc:datafield><marc:datafield tag="152" ind1=" " ind2=" "><marc:subfield code="c">2</marc:subfield></marc:datafield><marc:datafield tag="200" ind1=" " ind2=" "><marc:subfield code="7">ba0yba0y</marc:subfield><marc:subfield code="8">fre   </marc:subfield><marc:subfield code="9"> 0 </marc:subfield><marc:subfield code="a">Wangenheim</marc:subfield><marc:subfield code="b">Gustav von</marc:subfield><marc:subfield code="f">1895-1975</marc:subfield></marc:datafield><marc:datafield tag="300" ind1=" " ind2=" "><marc:subfield code="a">Acteur, scénariste, auteur dramatique, réalisateur</marc:subfield></marc:datafield><marc:datafield tag="301" ind1=" " ind2=" "><marc:subfield code="a">Wiesbaden (Allemagne)</marc:subfield><marc:subfield code="b">Berlin-Est</marc:subfield></marc:datafield><marc:datafield tag="801" ind1=" " ind2=" "><marc:subfield code="a">FR</marc:subfield><marc:subfield code="b">FR-751131015</marc:subfield><marc:subfield code="c">20200821</marc:subfield></marc:datafield><marc:datafield tag="810" ind1=" " ind2=" "><marc:subfield code="a">Nosferatu [Images animées] / F. W. Murnau, réal. ; Gustav von Wangenheim, act. &quot;Le Monde&quot;, 2006</marc:subfield></marc:datafield><marc:datafield tag="810" ind1=" " ind2=" "><marc:subfield code="a">Bibliothèque nationale, Allemagne - https://portal.dnb.de/opac.htm?method=simpleSearch&amp;cqlMode=true&amp;query=nid%3D117137154</marc:subfield><marc:subfield code="a">IMDB - http://www.us.imdb.com/name/nm0903194 (2006-12-14)</marc:subfield></marc:datafield><marc:datafield tag="810" ind1=" " ind2=" "><marc:subfield code="a">BN Cat. gén.</marc:subfield></marc:datafield><marc:datafield tag="856" ind1=" " ind2=" "><marc:subfield code="u">https://portal.dnb.de/opac.htm?method=simpleSearch&amp;cqlMode=true&amp;query=nid%3D117137154</marc:subfield><marc:subfield code="u">http://www.us.imdb.com/name/nm0903194/</marc:subfield><marc:subfield code="e">2006-12-14</marc:subfield></marc:datafield></marc:record>