<marc:record><marc:leader>00606cx  b2200205   4500</marc:leader><marc:controlfield tag="001">FRBNF142777914</marc:controlfield><marc:controlfield tag="003">http://catalogue.bnf.fr/ark:/12148/cb142777918</marc:controlfield><marc:controlfield tag="005">20140320</marc:controlfield><marc:datafield tag="100" ind1=" " ind2=" "><marc:subfield code="a">20030310afrey50      ba0</marc:subfield></marc:datafield><marc:datafield tag="102" ind1=" " ind2=" "><marc:subfield code="a">US</marc:subfield></marc:datafield><marc:datafield tag="103" ind1=" " ind2=" "><marc:subfield code="a"> 1987</marc:subfield></marc:datafield><marc:datafield tag="105" ind1=" " ind2=" "><marc:subfield code="c">p</marc:subfield><marc:subfield code="c">a</marc:subfield><marc:subfield code="c">s</marc:subfield></marc:datafield><marc:datafield tag="106" ind1=" " ind2=" "><marc:subfield code="a">1</marc:subfield></marc:datafield><marc:datafield tag="150" ind1=" " ind2=" "><marc:subfield code="a">y</marc:subfield><marc:subfield code="b">c9</marc:subfield></marc:datafield><marc:datafield tag="152" ind1=" " ind2=" "><marc:subfield code="c">2</marc:subfield></marc:datafield><marc:datafield tag="210" ind1=" " ind2=" "><marc:subfield code="7">ba0yba0y</marc:subfield><marc:subfield code="8">fre   </marc:subfield><marc:subfield code="9">20 </marc:subfield><marc:subfield code="a">Castle Rock Entertainment</marc:subfield></marc:datafield><marc:datafield tag="300" ind1="0" ind2=" "><marc:subfield code="a">Producteur de films rattachée à Warner Bros. Entertainment en 1996</marc:subfield></marc:datafield><marc:datafield tag="801" ind1=" " ind2=" "><marc:subfield code="a">FR</marc:subfield><marc:subfield code="b">FR-751131015</marc:subfield><marc:subfield code="c">20140320</marc:subfield></marc:datafield><marc:datafield tag="810" ind1=" " ind2=" "><marc:subfield code="a">http://www.imdb.com (2014-03-20)</marc:subfield></marc:datafield><marc:datafield tag="856" ind1=" " ind2=" "><marc:subfield code="u">http://www.imdb.com</marc:subfield><marc:subfield code="e">2014-03-20</marc:subfield></marc:datafield></marc:record>