<marc:record><marc:leader>00777cx  a2200229   4500</marc:leader><marc:controlfield tag="001">FRBNF146279804</marc:controlfield><marc:controlfield tag="003">http://catalogue.bnf.fr/ark:/12148/cb14627980t</marc:controlfield><marc:controlfield tag="005">20130628</marc:controlfield><marc:datafield tag="010" ind1=" " ind2=" "><marc:subfield code="a">0000000003054515</marc:subfield><marc:subfield code="2">ISNI</marc:subfield><marc:subfield code="d">20150312</marc:subfield></marc:datafield><marc:datafield tag="100" ind1=" " ind2=" "><marc:subfield code="a">20050512afrey50      ba0</marc:subfield></marc:datafield><marc:datafield tag="102" ind1=" " ind2=" "><marc:subfield code="a">FR</marc:subfield></marc:datafield><marc:datafield tag="103" ind1=" " ind2=" "><marc:subfield code="a"> 1964</marc:subfield></marc:datafield><marc:datafield tag="105" ind1=" " ind2=" "><marc:subfield code="a">a</marc:subfield><marc:subfield code="a">p</marc:subfield></marc:datafield><marc:datafield tag="106" ind1=" " ind2=" "><marc:subfield code="a">1</marc:subfield></marc:datafield><marc:datafield tag="120" ind1=" " ind2=" "><marc:subfield code="a">b</marc:subfield></marc:datafield><marc:datafield tag="200" ind1=" " ind2=" "><marc:subfield code="7">ba0yba0y</marc:subfield><marc:subfield code="8">fre   </marc:subfield><marc:subfield code="9"> 0 </marc:subfield><marc:subfield code="a">Recio</marc:subfield><marc:subfield code="b">Lorenzo</marc:subfield><marc:subfield code="f">1964-....</marc:subfield></marc:datafield><marc:datafield tag="300" ind1="0" ind2=" "><marc:subfield code="a">Cinéaste</marc:subfield></marc:datafield><marc:datafield tag="400" ind1=" " ind2=" "><marc:subfield code="7">ba0yba0y</marc:subfield><marc:subfield code="8">fre   </marc:subfield><marc:subfield code="a">Recio</marc:subfield><marc:subfield code="b">Laurent</marc:subfield><marc:subfield code="f">1964-....</marc:subfield></marc:datafield><marc:datafield tag="530" ind1=" " ind2=" "><marc:subfield code="5">z</marc:subfield><marc:subfield code="0">Réalisateur de : </marc:subfield><marc:subfield code="3">16652759</marc:subfield><marc:subfield code="a">Lisa (film)</marc:subfield></marc:datafield><marc:datafield tag="530" ind1=" " ind2=" "><marc:subfield code="5">z</marc:subfield><marc:subfield code="0">Réalisateur de : </marc:subfield><marc:subfield code="3">15542567</marc:subfield><marc:subfield code="a">Le bal du Minotaure (film)</marc:subfield></marc:datafield><marc:datafield tag="801" ind1=" " ind2=" "><marc:subfield code="a">FR</marc:subfield><marc:subfield code="b">FR-751131015</marc:subfield><marc:subfield code="c">20130628</marc:subfield></marc:datafield><marc:datafield tag="810" ind1=" " ind2=" "><marc:subfield code="a">L&apos;infante, l&apos;âne et l&apos;architecte [Images animées] / Lorenzo Recio, réal. Scéren, [2005]</marc:subfield></marc:datafield></marc:record>