<marc:record><marc:leader>00850cx  a2200217   4500</marc:leader><marc:controlfield tag="001">FRBNF146547202</marc:controlfield><marc:controlfield tag="003">http://catalogue.bnf.fr/ark:/12148/cb146547209</marc:controlfield><marc:controlfield tag="005">20211019</marc:controlfield><marc:datafield tag="010" ind1=" " ind2=" "><marc:subfield code="a">0000000001316489</marc:subfield><marc:subfield code="2">ISNI</marc:subfield><marc:subfield code="d">20150312</marc:subfield></marc:datafield><marc:datafield tag="100" ind1=" " ind2=" "><marc:subfield code="a">20000420afrey50      ba0</marc:subfield></marc:datafield><marc:datafield tag="101" ind1=" " ind2=" "><marc:subfield code="a">fre</marc:subfield></marc:datafield><marc:datafield tag="102" ind1=" " ind2=" "><marc:subfield code="a">FR</marc:subfield></marc:datafield><marc:datafield tag="103" ind1=" " ind2=" "><marc:subfield code="a"> 1950</marc:subfield></marc:datafield><marc:datafield tag="105" ind1=" " ind2=" "><marc:subfield code="a">a</marc:subfield><marc:subfield code="a">c</marc:subfield></marc:datafield><marc:datafield tag="106" ind1=" " ind2=" "><marc:subfield code="a">1</marc:subfield></marc:datafield><marc:datafield tag="120" ind1=" " ind2=" "><marc:subfield code="a">a</marc:subfield></marc:datafield><marc:datafield tag="200" ind1=" " ind2=" "><marc:subfield code="7">ba0yba0y</marc:subfield><marc:subfield code="8">fre   </marc:subfield><marc:subfield code="9"> 0 </marc:subfield><marc:subfield code="a">Bruguière</marc:subfield><marc:subfield code="b">Dominique</marc:subfield><marc:subfield code="f">1950-....</marc:subfield></marc:datafield><marc:datafield tag="300" ind1="0" ind2=" "><marc:subfield code="a">Éclairagiste, conceptrice de lumières</marc:subfield></marc:datafield><marc:datafield tag="801" ind1=" " ind2=" "><marc:subfield code="a">FR</marc:subfield><marc:subfield code="b">FR-751131015</marc:subfield><marc:subfield code="c">20211019</marc:subfield></marc:datafield><marc:datafield tag="810" ind1=" " ind2=" "><marc:subfield code="a">L&apos;éveil du printemps [Spectacle] / mise en scène d&apos;Yves Beaunesne ; lumières de Dominique Bruguière. - Paris : Théâtre de la ville, 1998</marc:subfield><marc:subfield code="a">Penser la lumière / Dominique Bruguière ; en collaboration avec Chantal Hurault, DL 2017</marc:subfield></marc:datafield><marc:datafield tag="810" ind1=" " ind2=" "><marc:subfield code="a">Actualité de la scénographie, n° 62, février 1993</marc:subfield></marc:datafield></marc:record>