<marc:record><marc:leader>00674cx  a2200193   4500</marc:leader><marc:controlfield tag="001">FRBNF146717081</marc:controlfield><marc:controlfield tag="003">http://catalogue.bnf.fr/ark:/12148/cb146717084</marc:controlfield><marc:controlfield tag="005">20120607</marc:controlfield><marc:datafield tag="010" ind1=" " ind2=" "><marc:subfield code="a">0000000375032421</marc:subfield><marc:subfield code="2">VIAF</marc:subfield><marc:subfield code="d">20130802</marc:subfield></marc:datafield><marc:datafield tag="100" ind1=" " ind2=" "><marc:subfield code="a">20050825afrey50      ba0</marc:subfield></marc:datafield><marc:datafield tag="102" ind1=" " ind2=" "><marc:subfield code="a">FR</marc:subfield></marc:datafield><marc:datafield tag="103" ind1=" " ind2=" "><marc:subfield code="a"> 1963</marc:subfield></marc:datafield><marc:datafield tag="105" ind1=" " ind2=" "><marc:subfield code="a">c</marc:subfield><marc:subfield code="a">a</marc:subfield></marc:datafield><marc:datafield tag="106" ind1=" " ind2=" "><marc:subfield code="a">1</marc:subfield></marc:datafield><marc:datafield tag="120" ind1=" " ind2=" "><marc:subfield code="a">b</marc:subfield></marc:datafield><marc:datafield tag="200" ind1=" " ind2=" "><marc:subfield code="7">ba0yba0y</marc:subfield><marc:subfield code="8">fre   </marc:subfield><marc:subfield code="9"> 0 </marc:subfield><marc:subfield code="a">Bériot</marc:subfield><marc:subfield code="b">Olivier</marc:subfield><marc:subfield code="f">1963-....</marc:subfield></marc:datafield><marc:datafield tag="300" ind1="0" ind2=" "><marc:subfield code="a">Costumier</marc:subfield></marc:datafield><marc:datafield tag="801" ind1=" " ind2=" "><marc:subfield code="a">FR</marc:subfield><marc:subfield code="b">FR-751131015</marc:subfield><marc:subfield code="c">20120607</marc:subfield></marc:datafield><marc:datafield tag="810" ind1=" " ind2=" "><marc:subfield code="a">Caligula : ballet en cinq actes, argument de Nicolas Le Riche et Guillaume Gallienne : Ballet de l&apos;Opéra, [chorégraphie de] Nicolas Le Riche : [programme], Palais Garnier, mars 2008</marc:subfield></marc:datafield></marc:record>