<marc:record><marc:leader>01101cx  a2200289   4500</marc:leader><marc:controlfield tag="001">FRBNF151065289</marc:controlfield><marc:controlfield tag="003">http://catalogue.bnf.fr/ark:/12148/cb151065287</marc:controlfield><marc:controlfield tag="005">20130823</marc:controlfield><marc:datafield tag="010" ind1=" " ind2=" "><marc:subfield code="a">0000000120371616</marc:subfield><marc:subfield code="2">VIAF</marc:subfield><marc:subfield code="d">20130805</marc:subfield></marc:datafield><marc:datafield tag="039" ind1=" " ind2=" "><marc:subfield code="o">OPP</marc:subfield><marc:subfield code="a">14704458</marc:subfield><marc:subfield code="d">20070326</marc:subfield></marc:datafield><marc:datafield tag="100" ind1=" " ind2=" "><marc:subfield code="a">20061024afrey50      ba0</marc:subfield></marc:datafield><marc:datafield tag="101" ind1=" " ind2=" "><marc:subfield code="a">ger</marc:subfield></marc:datafield><marc:datafield tag="102" ind1=" " ind2=" "><marc:subfield code="a">DE</marc:subfield></marc:datafield><marc:datafield tag="103" ind1=" " ind2=" "><marc:subfield code="a"> 18741211  19480913</marc:subfield></marc:datafield><marc:datafield tag="105" ind1=" " ind2=" "><marc:subfield code="a">a</marc:subfield><marc:subfield code="a">i</marc:subfield></marc:datafield><marc:datafield tag="106" ind1=" " ind2=" "><marc:subfield code="a">010</marc:subfield></marc:datafield><marc:datafield tag="120" ind1=" " ind2=" "><marc:subfield code="a">b</marc:subfield></marc:datafield><marc:datafield tag="152" ind1=" " ind2=" "><marc:subfield code="c">2</marc:subfield></marc:datafield><marc:datafield tag="200" ind1=" " ind2=" "><marc:subfield code="7">ba0yba0y</marc:subfield><marc:subfield code="8">fre   </marc:subfield><marc:subfield code="9"> 0 </marc:subfield><marc:subfield code="a">Wegener</marc:subfield><marc:subfield code="b">Paul</marc:subfield><marc:subfield code="f">1874-1948</marc:subfield></marc:datafield><marc:datafield tag="300" ind1=" " ind2=" "><marc:subfield code="a">Cinéaste, producteur et acteur</marc:subfield></marc:datafield><marc:datafield tag="530" ind1=" " ind2=" "><marc:subfield code="5">z</marc:subfield><marc:subfield code="0">Réalisateur de : </marc:subfield><marc:subfield code="3">14665558</marc:subfield><marc:subfield code="a">Unter Ausschluss der Öffentlichkeit (film ; 1937)</marc:subfield></marc:datafield><marc:datafield tag="530" ind1=" " ind2=" "><marc:subfield code="5">z</marc:subfield><marc:subfield code="0">Réalisateur de : </marc:subfield><marc:subfield code="3">15106532</marc:subfield><marc:subfield code="a">Der Golem wie er in die Welt kam (film)</marc:subfield></marc:datafield><marc:datafield tag="686" ind1=" " ind2=" "><marc:subfield code="a">791</marc:subfield><marc:subfield code="c">Audiovisuel</marc:subfield><marc:subfield code="2">Note de regroupement par domaine</marc:subfield></marc:datafield><marc:datafield tag="801" ind1=" " ind2=" "><marc:subfield code="a">FR</marc:subfield><marc:subfield code="b">FR-751131015</marc:subfield><marc:subfield code="c">20130823</marc:subfield></marc:datafield><marc:datafield tag="810" ind1=" " ind2=" "><marc:subfield code="a">Der Golem, wie er in die Welt kam [Images animées] / Paul Wegener, réal., scénario, [2006]</marc:subfield></marc:datafield><marc:datafield tag="810" ind1=" " ind2=" "><marc:subfield code="a">IMDb - http://www.imdb.com/name/nm0917467/?ref_=tt_cl_t5 (2013-08-23)</marc:subfield></marc:datafield><marc:datafield tag="856" ind1=" " ind2=" "><marc:subfield code="u">http://www.imdb.com/name/nm0917467/?ref_=tt_cl_t5</marc:subfield><marc:subfield code="e">2013-08-23</marc:subfield></marc:datafield></marc:record>