<marc:record><marc:leader>00960cx  a2200241   4500</marc:leader><marc:controlfield tag="001">FRBNF167184042</marc:controlfield><marc:controlfield tag="003">http://catalogue.bnf.fr/ark:/12148/cb16718404t</marc:controlfield><marc:controlfield tag="005">20141008</marc:controlfield><marc:datafield tag="010" ind1=" " ind2=" "><marc:subfield code="a">0000000419901570</marc:subfield><marc:subfield code="2">ISNI</marc:subfield><marc:subfield code="d">20150313</marc:subfield></marc:datafield><marc:datafield tag="100" ind1=" " ind2=" "><marc:subfield code="a">20131023afrey50      ba0</marc:subfield></marc:datafield><marc:datafield tag="101" ind1=" " ind2=" "><marc:subfield code="a">fre</marc:subfield></marc:datafield><marc:datafield tag="102" ind1=" " ind2=" "><marc:subfield code="a">FR</marc:subfield></marc:datafield><marc:datafield tag="103" ind1=" " ind2=" "><marc:subfield code="a"> 1963</marc:subfield></marc:datafield><marc:datafield tag="105" ind1=" " ind2=" "><marc:subfield code="a">a</marc:subfield></marc:datafield><marc:datafield tag="106" ind1=" " ind2=" "><marc:subfield code="a">1</marc:subfield></marc:datafield><marc:datafield tag="120" ind1=" " ind2=" "><marc:subfield code="a">a</marc:subfield></marc:datafield><marc:datafield tag="200" ind1=" " ind2=" "><marc:subfield code="7">ba0yba0y</marc:subfield><marc:subfield code="8">fre   </marc:subfield><marc:subfield code="9"> 0 </marc:subfield><marc:subfield code="a">Ziane-Bruneel</marc:subfield><marc:subfield code="b">Nadia</marc:subfield><marc:subfield code="f">1963-....</marc:subfield></marc:datafield><marc:datafield tag="300" ind1="0" ind2=" "><marc:subfield code="a">Professeur de lettres</marc:subfield></marc:datafield><marc:datafield tag="400" ind1=" " ind2=" "><marc:subfield code="7">ba0yba0y</marc:subfield><marc:subfield code="8">fre   </marc:subfield><marc:subfield code="a">Bruneel</marc:subfield><marc:subfield code="b">Nadia Ziane-</marc:subfield><marc:subfield code="f">1963-....</marc:subfield></marc:datafield><marc:datafield tag="400" ind1=" " ind2=" "><marc:subfield code="7">ba0yba0y</marc:subfield><marc:subfield code="8">fre   </marc:subfield><marc:subfield code="a">Bruneel-Ziane</marc:subfield><marc:subfield code="b">Nadia</marc:subfield><marc:subfield code="f">1963-....</marc:subfield></marc:datafield><marc:datafield tag="400" ind1=" " ind2=" "><marc:subfield code="7">ba0yba0y</marc:subfield><marc:subfield code="8">fre   </marc:subfield><marc:subfield code="a">Ziane</marc:subfield><marc:subfield code="b">Nadia Bruneel-</marc:subfield><marc:subfield code="f">1963-....</marc:subfield></marc:datafield><marc:datafield tag="801" ind1=" " ind2=" "><marc:subfield code="a">FR</marc:subfield><marc:subfield code="b">FR-751131015</marc:subfield><marc:subfield code="c">20141008</marc:subfield></marc:datafield><marc:datafield tag="810" ind1=" " ind2=" "><marc:subfield code="a">Salam Ouessant / Azouz Begag ; présentation, notes, questions et après-texte établis par Nadia Ziane-Bruneel,..., impr. 2013</marc:subfield><marc:subfield code="a">Dracula / Bram Stoker ; choix des extraits et appareil pédagogique par Nadia Bruneel-Ziane,..., impr. 2014</marc:subfield></marc:datafield></marc:record>