<marc:record><marc:leader>01053nx  a2200229   4500</marc:leader><marc:controlfield tag="001">FRBNF17068333X</marc:controlfield><marc:controlfield tag="003">http://catalogue.bnf.fr/ark:/12148/cb170683333</marc:controlfield><marc:datafield tag="010" ind1=" " ind2=" "><marc:subfield code="a">0000000459704205</marc:subfield><marc:subfield code="2">ISNI</marc:subfield><marc:subfield code="d">20170202</marc:subfield></marc:datafield><marc:datafield tag="100" ind1=" " ind2=" "><marc:subfield code="a">20160825afrey50      ba0</marc:subfield></marc:datafield><marc:datafield tag="102" ind1=" " ind2=" "><marc:subfield code="a">XX</marc:subfield></marc:datafield><marc:datafield tag="103" ind1=" " ind2=" "><marc:subfield code="a"> 19..</marc:subfield></marc:datafield><marc:datafield tag="105" ind1=" " ind2=" "><marc:subfield code="a">a</marc:subfield></marc:datafield><marc:datafield tag="106" ind1=" " ind2=" "><marc:subfield code="a">1</marc:subfield></marc:datafield><marc:datafield tag="120" ind1=" " ind2=" "><marc:subfield code="a">b</marc:subfield></marc:datafield><marc:datafield tag="152" ind1=" " ind2=" "><marc:subfield code="c">1</marc:subfield></marc:datafield><marc:datafield tag="200" ind1=" " ind2=" "><marc:subfield code="7">ba0yba0y</marc:subfield><marc:subfield code="8">fre   </marc:subfield><marc:subfield code="9"> 0 </marc:subfield><marc:subfield code="a">Montmayeur</marc:subfield><marc:subfield code="b">Yves</marc:subfield></marc:datafield><marc:datafield tag="300" ind1="0" ind2=" "><marc:subfield code="a">Réalisateur</marc:subfield></marc:datafield><marc:datafield tag="801" ind1=" " ind2=" "><marc:subfield code="a">FR</marc:subfield><marc:subfield code="b">FR-751131015</marc:subfield><marc:subfield code="c">20160825</marc:subfield></marc:datafield><marc:datafield tag="810" ind1=" " ind2=" "><marc:subfield code="a">The 1000 eyes of Dr Maddin / Yves Montmayeur, réal. In : The forbidden room [Images animées] / Guy Maddin, réal., scénario, comp. ; Evan Johnson, réal. ; Robert Kotyk, scénario ; Galen Johnson, Jason Staczek, comp. ; Roy Dupuis, Mathieu Amalric, Maria de Medeiros... [et al.], act.. - Paris : ED distribution [éd.] ; Vendoeuvres : Arcadès [distrib.], 2016.</marc:subfield></marc:datafield><marc:datafield tag="810" ind1=" " ind2=" "><marc:subfield code="a">IMDB - http://www.imdb.com/name/nm1550829 (2016-08-25)</marc:subfield></marc:datafield><marc:datafield tag="856" ind1=" " ind2=" "><marc:subfield code="u">http://www.yvesmontmayeur.com/03/biographie.html</marc:subfield><marc:subfield code="e">2016-08-25</marc:subfield></marc:datafield><marc:datafield tag="856" ind1=" " ind2=" "><marc:subfield code="u">http://www.imdb.com/name/nm1550829/</marc:subfield><marc:subfield code="e">2016-08-25</marc:subfield></marc:datafield></marc:record></marc:collection>